2474 4440
524 195 696 248 chttlttrtutl
714 197 724 248 l
744 201 784 251 17.
803 200 843 251 tt.
864 201 903 250 19.

308 369 363 430 llic
378 370 409 430 in
424 368 546 430 reducta
562 369 632 429 valle
647 369 796 430 caniculae

307 453 418 515 Vitabis
432 463 530 514 aestus
545 463 573 513 et
589 455 645 514 fide
660 453 730 513 Teia

354 539 440 600 [lices
453 538 613 599 laborantis
628 539 658 598 in
674 557 736 598 uno

235 634 264 684 m
393 623 563 702 Penelopen
579 624 760 701 vitreamque
775 622 881 685 Circen
890 641 899 697 ;

308 742 364 803 llic
377 742 547 802 innocentis
562 741 668 820 pocula
684 740 782 801 Lesbii

308 827 404 887 Duces
418 826 474 887 sub
490 826 594 887 umbra
610 844 666 886 nec
681 825 844 886 Semeleius

352 911 425 972 Cum
441 910 534 970 llarte
549 909 713 971 conlundet
727 910 887 989 Thyoneus

395 995 508 1056 Proelia
524 1013 580 1055 nec
594 1005 710 1056 metues
725 1005 894 1073 protervum

235 1124 264 1174 aa
306 1113 449 1193 Suspecta
465 1112 582 1192 Cyrum,
599 1131 638 1173 ne
653 1113 727 1172 male
743 1113 851 1192 dispari

307 1197 526 1259 incontinentis
541 1197 641 1258 iniciat
655 1216 762 1259 manus

352 1282 390 1342 Et
404 1281 519 1343 scindat
533 1282 703 1343 haerentem
720 1300 862 1342 coronam

396 1366 534 1428 Crinibus
549 1367 775 1446 inmeritamque
789 1375 909 1428 vestem.

667 1619 758 1680 XVlll

304 1739 428 1811 Nullam,
445 1739 529 1811 Varo,
544 1755 628 1798 sacra
643 1737 700 1796 vite
715 1737 799 1815 prius
813 1736 921 1798 severis
935 1739 1070 1798 arborem

305 1824 387 1884 Circa
402 1824 472 1884 mite
486 1823 582 1883 solum
598 1821 717 1882 Tiburis
732 1833 761 1882 et
774 1822 891 1882 moenia
908 1820 1000 1894 Catili,

304 1907 398 1968 Siccis
413 1907 511 1967 omnia
528 1925 595 1966 nam
611 1906 684 1965 dura
699 1906 772 1967 deus
786 1907 942 1985 proposuit
956 1923 1054 1984 neque

303 1991 456 2053 Mordaces
470 1992 554 2052 aliter
569 1991 727 2069 diffugiunt
739 1991 962 2053 sollicitudines.

247 2085 261 2134 t
304 2076 378 2146 Quis
388 2086 457 2156 post
467 2076 532 2136 vina
545 2093 661 2154 gravem
674 2076 806 2136 militiam
815 2083 866 2135 aut
877 2079 1048 2154 pauperiem
1060 2096 1129 2156 crep

304 2160 1129 2239 Quisnontepotins,llacchepater‚teque‚decensVenu

303 2249 345 2306 dc
362 2264 399 2306 nc
414 2247 481 2324 quis
496 2245 602 2305 modici
618 2245 763 2305 transiliat
777 2263 901 2305 munera
917 2246 1025 2320 Liberi,

304 2329 467 2391 Centaurea
483 2339 584 2390 monet
598 2347 665 2390 cum
682 2329 813 2408 Lapithis
827 2329 889 2388 rixa
904 2349 996 2409 super
1010 2351 1091 2392 mero

304 2414 462 2487 Debellata‚
478 2424 578 2474 monet
593 2414 735 2475 Sithoniis
750 2433 810 2474 non
827 2413 897 2475 levis
912 2413 1034 2487 Euhius,

232 2507 261 2556 10
304 2499 377 2560 Cum
392 2501 434 2561 las
450 2509 538 2578 atque
553 2501 636 2559 nolas
650 2500 756 2576 exiguo
772 2500 831 2559 fine
846 2499 1001 2561 libidinum

304 2584 485 2646 Discernunt
499 2583 581 2644 avidi.
613 2584 676 2643 Non
694 2602 749 2661 ego
765 2593 803 2655 te,
819 2584 942 2644 candide
957 2584 1108 2659 bassanu,

302 2668 427 2729 invitum
443 2669 571 2748 quatiam
586 2687 642 2728 nec
656 2668 743 2728 variis
757 2668 850 2729 obsita
865 2669 1021 2730 frondibus

302 2753 363 2814 Sub
379 2754 476 2815 divum
492 2753 611 2833 rapiam.
644 2753 734 2812 Saeva
748 2761 817 2813 tene
832 2771 898 2815 cum
915 2753 1091 2835 berecyntio

303 2838 403 2899 Cornu
418 2851 565 2919 tympana,
582 2855 656 2916 quae
672 2837 862 2915 subsequitur
875 2857 981 2901 caecus
995 2857 1078 2900 amor
1091 2858 1128 2899 su

231 2930 260 2979 15
302 2922 339 2982 Et
353 2924 461 2983 tollens
476 2940 599 2983 vacuum
615 2922 682 3000 plus
698 2921 788 2982 nimio
805 2923 896 2999 gloria
911 2925 1051 2985 verticem

302 3008 470 3085 Arcanique
486 3007 558 3066 fides
572 3006 704 3084 prodiga,
720 3006 899 3085 perlucidior
913 3009 996 3069 vitro.

678 3259 743 3319 Xlll

302 3375 393 3435 blater
407 3392 489 3434 saeva
506 3375 684 3454 Cupidinum

346 3459 564 3538 Thebanaeque
579 3461 660 3523 iubet
675 3482 721 3523 me
737 3464 869 3525 Semelae
884 3485 961 3545 puer

301 3544 339 3604 Et
354 3544 458 3605 lasciva
474 3543 605 3605 Licentia

347 3628 452 3689 Finitis
466 3630 597 3689 animum
613 3634 736 3693 reddere
752 3633 911 3695 amoribus.

257 3828 332 3881 llVlll
350 3847 375 3882 o.
393 3832 408 3880 5
427 3827 542 3894 increpat
557 3831 592 3895 (υ)
614 3837 700 3898 crepet
722 3833 831 3884 Servius
853 3835 889 3885 nd
908 3835 940 3884 A.
959 3833 968 3884 l
987 3835 1035 3887 738
1060 3834 1065 3900 Ι
1089 3839 1103 3886 t

174 3900 206 3949 15
220 3897 347 3972 extollens
364 3899 401 3963 (o)
420 3894 541 3948 attollens
558 3898 668 3950 Seruius
685 3900 723 3950 ad
738 3902 770 3954 A.
787 3902 819 3952 lll
839 3905 887 3954 630
905 3904 966 3967 (633
984 3903 1030 3966 ol.)
