2474 4440
202 960 938 1060 EPISTULARUM

452 1161 546 1214 LlBER
566 1161 692 1214 PRIMUS.

565 1334 578 1394 l

120 1451 216 1513 Prima
238 1453 315 1513 dicte
338 1453 418 1525 mibi,
441 1471 554 1513 summa
575 1454 699 1514 dicende
723 1453 859 1525 Camena,

121 1537 291 1616 Spectatum
314 1538 383 1598 satis
406 1548 435 1598 et
457 1537 596 1599 donatum
620 1539 676 1598 iam
700 1538 772 1599 rude
796 1540 925 1618 quaeris,

118 1622 281 1696 Maecenas,
305 1623 412 1683 iterum
435 1624 556 1702 antiquo
579 1642 626 1683 me
649 1624 801 1684 includere
824 1623 903 1685 ludo.

117 1707 185 1769 Non
208 1709 308 1768 eadem
332 1716 377 1768 est
398 1717 486 1779 aetas,
510 1728 570 1768 non
594 1727 688 1770 mens.
733 1709 870 1769 Veianius
891 1710 979 1771 armis

119 1792 256 1854 Herculis
278 1793 312 1853 ad
336 1802 450 1871 postem
475 1794 539 1852 lixis
562 1793 631 1853 latet
653 1793 769 1854 abditus
791 1811 871 1872 agro,
1092 1809 1106 1856 o

117 1877 160 1938 Ne
183 1877 327 1957 populum
351 1887 480 1938 extrema
504 1879 613 1939 totiens
636 1888 738 1939 exoret
760 1880 880 1939 harena.

117 1961 171 2024 Est
192 1963 264 2023 mibi
287 1971 437 2042 purgatam
462 1962 569 2024 crebro
593 1965 642 2042 qui
666 1973 807 2043 personet
829 1981 929 2024 aurem

112 2039 216 2108 ‘Solve
238 2057 443 2109 senescentem
466 2058 578 2109 mature
601 2067 690 2110 sanus
712 2068 832 2128 equum,
856 2067 893 2109 ne

116 2133 224 2194 Peccet
246 2133 280 2193 ad
305 2143 468 2212 extremum
492 2134 633 2195 ridendus
656 2144 684 2194 et
706 2134 754 2194 ilia
777 2124 881 2199 ducat'

116 2217 204 2279 Nunc
225 2219 324 2297 itaque
347 2227 376 2278 et
397 2237 498 2280 versus
520 2228 550 2279 et
572 2229 669 2280 cetera
691 2219 802 2280 ludicra
825 2238 918 2298 pono,
1078 2230 1106 2282 to

117 2302 195 2374 Quid
217 2321 318 2364 verum
342 2313 430 2382 atque
453 2305 570 2378 decens,
594 2322 667 2365 curo
690 2315 716 2365 et
741 2323 814 2384 rogo
837 2313 867 2364 et
889 2304 986 2365 omnis
1008 2304 1037 2366 in

798 2390 855 2450 hoe
878 2408 952 2462 sum,

119 2471 223 2533 Cende
246 2481 275 2533 et
296 2492 446 2551 compono
469 2492 544 2552 quae
567 2491 634 2534 mox
657 2476 832 2552 depromere
856 2476 976 2552 possim.

122 2558 164 2617 dc
189 2577 227 2619 ne
248 2559 325 2618 forte
348 2576 443 2638 roges,
467 2577 527 2637 quo
549 2577 597 2620 me
619 2560 703 2630 duce,
727 2577 786 2637 quo
809 2558 883 2618 Lare
906 2569 1002 2620 tuter:

117 2642 232 2704 Nullius
254 2644 387 2704 addictus
409 2645 505 2704 iurare
528 2644 559 2704 in
581 2645 670 2706 verba
692 2643 823 2721 magistri

117 2727 184 2799 Quo
208 2748 255 2789 me
278 2746 405 2807 cumque
428 2729 504 2808 rapit
526 2739 692 2809 tempestas,
714 2729 832 2789 deferor
854 2728 977 2806 bospes3
1076 2738 1103 2788 to

117 2813 203 2875 Nune
227 2813 309 2892 agilis
331 2815 370 2874 fio
393 2823 422 2874 et
443 2832 559 2874 mersor
581 2814 714 2874 civilibus
736 2813 833 2884 undis,

119 2896 241 2960 Virtutis
263 2917 349 2959 verae
372 2907 471 2960 custos
492 2899 663 2978 rigidusque
685 2898 810 2969 satelles,

116 2983 204 3044 Nunc
225 2985 256 3044 in
281 2984 426 3063 Aristippi·
443 2984 543 3044 lurtim
566 2993 721 3064 praecepta
745 2981 862 3044 relabor

116 3067 154 3128 Et
175 3069 248 3129 mibi
270 3086 326 3141 res,
349 3087 409 3128 non
434 3087 481 3128 me
503 3070 593 3130 rebus
614 3069 794 3147 subiungere
817 3084 920 3127 conor.

117 3151 156 3213 Ut
179 3171 239 3213 nox
261 3153 350 3231 longa
374 3153 483 3232 quibus
504 3155 647 3214 mentitur
669 3154 762 3214 amica
784 3153 906 3231 diesque
1075 3160 1103 3211 m

116 3236 220 3317 Longa
242 3237 356 3298 videtur
379 3257 453 3317 opus
476 3238 660 3312 debentibus,
683 3248 715 3300 ut
738 3239 822 3317 piger
843 3255 940 3297 annus

117 3322 250 3402 Pupillis,
274 3341 349 3401 quos
371 3324 443 3384 dura
466 3324 573 3402 premit
595 3324 728 3385 custodia
751 3331 888 3393 matrum,

116 3408 165 3468 Sic
188 3408 258 3468 mibi
280 3408 362 3468 tarda
384 3408 480 3469 lluunt
502 3409 674 3487 ingrataque
697 3417 840 3488 tempora,
864 3425 940 3486 quae
962 3423 1045 3484 spem

116 3492 337 3572 Consiliumque
360 3502 515 3554 morantur
536 3494 640 3571 agendi
663 3495 775 3554 naviter
796 3494 834 3565 id,
856 3491 935 3571 quod

115 3581 216 3657 Aeque
239 3578 419 3658 pauperibus
442 3578 570 3658 prodest,
593 3579 791 3657 locupletibus
813 3595 915 3654 aeque,
1079 3585 1106 3633 to

115 3666 217 3744 Aeque
241 3663 408 3742 neglectum
432 3664 531 3742 pueris
553 3664 733 3742 senibusque
757 3662 884 3724 nocebit.

65 3772 236 3790 &—--.-

115 3847 125 3897 l
143 3864 167 3898 v.
187 3848 202 3897 3
221 3846 303 3899 ludo?
322 3847 355 3897 al.
371 3845 377 3915 Ι
394 3849 425 3898 14
443 3847 568 3899 adductus
