2474 4440
360 291 364 298 ’
472 295 602 349 EPODON
623 301 661 351 ¹5.
682 300 720 350 16.

149 471 218 533 Cum
241 479 283 542 tu,
307 465 483 548 magnorum
507 488 618 529 numen
642 470 756 532 laesura
778 471 912 543 deorum,'

213 555 246 615 ln
270 553 360 616 verba
383 554 499 615 iurabas
521 573 594 626 mea,

146 641 246 701 Artius
267 650 357 717 atque
379 640 486 700 hedera
508 656 632 718 procera
654 640 846 718 adstringitur
867 641 933 713 ilar,

212 724 315 785 Lentis
337 723 501 784 adhaerens
523 723 676 798 bracchiis,

146 810 221 870 Dum
243 810 345 889 pecori
367 808 455 888 lupus
478 818 507 868 et
529 809 627 869 nautis
649 808 773 870 inlestus
796 807 889 868 Orion

213 893 361 955 Turbaret
382 893 540 954 hibernum
563 911 643 952 mare

146 978 345 1058 intonsosque
367 979 490 1056 agitaret
512 977 657 1057 Apollinis
678 995 748 1038 aura
771 976 903 1055 capillos,

213 1063 290 1125 Fore
311 1064 393 1123 bunc
417 1081 546 1123 amorem
568 1073 714 1136 mutuum,

147 1149 170 1209 0
194 1148 320 1209 dolitura
343 1167 407 1209 mea
429 1149 555 1208 multum
577 1148 685 1208 virtute
707 1149 831 1208 Neaera:

213 1234 286 1293 Nam
309 1233 406 1312 siquid
428 1233 458 1293 in
481 1233 586 1293 Flacco
609 1232 664 1292 viri
686 1241 739 1305 est,

149 1318 214 1379 Non
237 1318 313 1379 leret
334 1317 469 1378 adsiduas
491 1317 599 1396 potiori
621 1326 650 1377 te
672 1317 742 1378 dare
765 1327 867 1378 noctes

215 1401 254 1463 Et
276 1414 399 1482 quaeret
421 1402 512 1462 iratus
534 1420 643 1481 parem,

148 1487 208 1548 Nec
230 1488 322 1548 semel
345 1488 474 1548 offensae
497 1488 581 1547 cedet
602 1489 767 1548 constantia
790 1490 910 1560 formae,

216 1572 247 1631 Si
270 1581 369 1634 certus
390 1572 508 1633 intrarit
529 1572 622 1631 dolor.
644 1607 688 1615 —

150 1655 186 1716 Et
206 1665 249 1731 tu,
273 1657 452 1735 quicumque
475 1676 507 1716 es
529 1656 642 1716 felicior
664 1666 753 1736 atque
775 1674 842 1716 meo
865 1673 947 1715 nunc

217 1740 371 1820 Superbus
393 1741 506 1801 incedis
527 1743 614 1813 malo,

108 1880 110 1883 .
151 1825 195 1887 Sis
216 1843 325 1904 pecore
349 1835 378 1887 et
399 1826 490 1885 multa
513 1826 592 1886 dives
614 1825 720 1887 tellure
741 1824 841 1887 licebit

216 1909 342 1989 Tibique
364 1911 502 1971 Pactolus
524 1911 595 1970 fluat

150 1994 209 2055 Nec
231 2002 260 2054 te
282 1996 466 2075 Pythagorae
488 1995 590 2056 fallant
611 2013 717 2054 arcana
740 1995 836 2055 renati

216 2079 383 2159 Formaque
407 2082 505 2140 vincas
526 2080 622 2153 Nirea,

152 2162 244 2235 Eheu,
267 2166 424 2226 translatos
446 2165 502 2225 alio
526 2164 671 2226 maerebis
694 2183 823 2226 amores:

216 2250 270 2310 dst
292 2269 345 2329 ego
368 2251 493 2311 vicissim
517 2250 620 2310 risero.

524 2401 676 2411 ——-—

572 2518 636 2578 XVI

153 2638 249 2699 dltera
271 2638 330 2698 iam
353 2638 458 2699 teritur
480 2638 564 2699 bellis
587 2638 717 2699 civilibus
740 2645 826 2709 aetas,

218 2722 286 2784 Suis
309 2732 338 2783 et
360 2724 423 2803 ipsa
445 2722 538 2783 Roma
559 2721 671 2782 viribus
692 2721 759 2782 ruit.

152 2806 245 2877 Quam
268 2827 365 2887 neque
388 2809 504 2869 finitimi
526 2808 680 2868 valuerunt
701 2806 825 2884 perdere
849 2805 935 2865 Marsi

217 2892 340 2954 Minacis
363 2902 413 2953 aut
434 2892 558 2953 Etrusca
581 2893 728 2952 Porsenae
751 2909 864 2964 manus,

153 2977 276 3037 demula
298 2996 355 3039 nec
376 2978 468 3038 virtus
491 2977 607 3057 Capuae
630 2995 685 3037 nec
708 2976 866 3055 Spartacus
887 2992 955 3035 acer
1084 2982 1099 3031 t

219 3062 368 3141 Novisque
390 3062 480 3123 rebus
502 3062 628 3122 infidelis
649 3060 799 3134 Allobrox,

153 3146 213 3207 Nec
237 3147 298 3207 fera
321 3147 455 3208 caerulea
477 3147 590 3207 domuit
613 3146 769 3208 Germania
791 3146 870 3226 pube

220 3230 456 3310 Parentibusque
478 3231 662 3291 abominatus
685 3231 840 3304 Hannibal,

151 3314 244 3394 lmpia
266 3318 425 3396 perdemus
447 3316 544 3376 devoti
566 3316 718 3392 sanguinis
740 3326 820 3378 aetas

219 3400 362 3481 Ferisque
383 3419 488 3462 rursus
511 3399 704 3479 occupabitur
726 3401 838 3474 solum;
1072 3409 1101 3458 10

151 3483 302 3546 Barbarus
324 3487 381 3546 heu
404 3485 519 3546 cineres
541 3484 657 3545 insistet
677 3485 772 3546 victor
794 3496 824 3547 et
847 3486 958 3547 urbem'

219 3569 320 3646 Eques
342 3578 468 3632 sonante
491 3569 656 3630 verberabit
677 3573 787 3650 ungula

151 3770 198 3821 XV
216 3787 241 3823 υ.
260 3773 338 3835 lsqq.
362 3785 386 3821 u.
415 3770 443 3822 V
455 3770 510 3820 ind.
534 3769 592 3820 lect.
618 3770 707 3821 Bercl.
734 3776 799 3821 aest.
827 3788 850 3822 α.
881 3772 945 3824 1888
975 3785 1002 3834 p.
1025 3772 1042 3821 4
1064 3767 1114 3831 n.*)
1136 3763 1141 3835 Ι

96 3839 211 3894 turbarit
228 3840 264 3904 (v)
288 3837 292 3904 Ι
317 3841 333 3891 9
352 3837 454 3904 agitarit
474 3840 508 3901 (o)
530 3838 535 3901 Ι
557 3840 588 3890 15
606 3837 698 3889 offensi
715 3839 852 3900 Pastor-03
873 3838 1026 3904 Gogavinus
1044 3835 1142 3887 abach.

97 3913 184 3962 cister.
213 3909 245 3956 in
274 3906 338 3958 Hor.
365 3910 433 3972 poet.
459 3905 570 3956 Sullani
591 3908 653 3959 1567
671 3922 698 3972 p.
717 3909 764 3968 35;
791 3907 874 3958 Bentl,
901 3906 907 3973 Ι
934 3909 965 3959 21
984 3902 1142 3957 Panthoidae

97 3981 102 4032 '.
122 3974 244 4029 Ribbeck
262 3990 329 4025 mm.
346 3974 412 4039 pbil.
431 3975 473 4038 38,
491 3975 538 4025 471
557 3972 562 4043 Ι
578 3976 610 4028 23
629 3975 747 4026 heuheu
766 3979 814 4027 eto.
