2474 4440
107 236 167 295 140
485 237 676 291 SATIRARUM
693 240 702 292 l
720 243 746 292 5.
764 243 787 293 6.

193 409 348 471 Flentibus
370 410 441 472 hinc
463 409 567 471 Varius
589 409 713 471 discedit
735 420 863 474 maestus
884 413 992 475 amicis.

190 496 263 556 lnde
285 494 387 557 Rubos
408 496 478 557 sessi
500 495 699 576 pervenimus,
722 504 825 577 utpote
847 498 970 576 longum

118 593 148 643 95
192 581 354 659 Carpentes
376 581 433 640 iter
455 591 484 640 et
506 583 615 641 lactum
638 583 807 660 corruptius
829 583 928 644 imbri.

190 666 310 727 Postera
332 674 491 744 tempestas
513 665 626 738 melior,
649 666 692 725 ria
715 667 800 747 peior
821 667 859 727 ad
881 687 976 747 usque

192 751 258 811 Bari
281 752 397 811 moenia
419 751 537 830 piscosi.
582 751 655 810 Dein
680 751 784 812 Gnatia
805 753 934 832 lymphis

191 835 275 896 lratis
297 845 445 896 exstructa
466 836 545 897 dedit
568 835 703 913 risusque
725 837 876 915 iocosque,

192 921 267 982 Dum
291 921 407 981 llamma
428 921 492 982 sine
514 929 580 981 tura
602 921 767 998 liquescere
788 922 890 983 limine
913 941 1000 984 sacro

107 1017 149 1067 loo
192 1006 373 1066 Persuadere
395 1007 486 1084 cupit.
531 1005 637 1066 Credat
657 1004 783 1068 ludaeus
805 1008 917 1086 Apella,

193 1092 259 1151 Non
283 1107 352 1169 ego;
377 1109 504 1169 namque
526 1092 598 1151 deos
620 1091 708 1152 didici
729 1110 868 1153 securum
891 1111 980 1172 agere
1003 1110 1120 1154 aevum:

193 1176 263 1249 Neo,
286 1174 382 1254 siquid
405 1176 471 1236 miri
495 1176 581 1237 faciat
603 1183 717 1250 natura,
740 1176 811 1238 deos
833 1177 863 1238 id

193 1260 298 1322 Tristis
320 1279 355 1321 ex
378 1260 436 1320 alto
460 1261 531 1340 caeli
555 1260 708 1321 demittere
730 1270 818 1322 tecto.

193 1345 383 1407 Brundisium
405 1346 512 1424 longae
534 1345 602 1406 finis
624 1345 801 1426 chartaeque
821 1347 946 1426 viaeque
969 1354 1022 1408 est.

624 1616 677 1682 Vl⁴

194 1736 258 1796 Non
284 1735 361 1814 quia,
383 1735 546 1808 Maecenas,
569 1734 719 1814 Lydorum
741 1735 883 1812 quidquid
906 1734 1046 1798 Etruscos

194 1820 322 1881 lncoluit
343 1820 420 1892 finis,
443 1838 530 1880 nemo
554 1819 728 1898 generosior
750 1828 795 1880 est
816 1830 855 1892 te,

193 1905 254 1966 Nee
277 1906 357 1984 quod
379 1923 448 1965 arus
471 1905 524 1965 tibi
545 1913 698 1965 maternus
720 1905 775 1964 fuit
796 1913 886 1983 atque
909 1915 1058 1985 paternus,

199 1991 275 2051 Olim
299 1991 349 2069 qui
370 1990 487 2069 magnis
509 1988 676 2067 legionibus
699 1989 913 2068 imperitarent,

137 2086 152 2134 o
195 2075 233 2135 Ut
256 2076 390 2154 plerique
412 2075 518 2145 solent,
542 2093 614 2134 naso
637 2075 793 2152 suspendis
815 2074 932 2135 adunco

195 2160 329 2239 Ignotos,
352 2169 385 2219 ut
406 2178 453 2219 me
476 2159 615 2220 libertino
638 2168 721 2238 patre
745 2168 855 2219 natum.

194 2244 266 2305 Cum
289 2246 401 2304 relerre
426 2263 524 2323 negas,
548 2245 626 2322 quali
649 2245 687 2304 sit
709 2244 834 2322 quisque
858 2252 983 2323 parente

195 2331 295 2402 Natus
319 2330 389 2389 dum
413 2329 571 2408 ingenuus,
594 2330 754 2407 persuades
776 2329 834 2389 boc
856 2328 911 2389 tibi
933 2348 1010 2403 vere,

194 2417 270 2475 Ante
294 2422 469 2493 potestatem
491 2414 568 2474 Tulli
591 2424 678 2492 atque
702 2414 831 2494 ignobile
855 2431 981 2491 regnum

123 2510 151 2560 10
194 2499 301 2559 Multos
324 2518 411 2579 saepe
433 2500 511 2560 viros
535 2500 622 2560 nullis
645 2499 804 2560 maioribus
827 2510 909 2559 ortos

150 2596 155 2601 '
193 2584 232 2644 Et
252 2585 356 2645 vixisse
378 2584 491 2664 probos
513 2585 617 2662 amplis
640 2595 669 2644 el
692 2584 858 2645 honoribus
881 2594 997 2659 auctos;
1066 2652 1072 2661 ¹

194 2669 302 2730 Contra
324 2670 495 2742 Laevinum,
520 2670 613 2729 Valeri
636 2687 740 2748 genus,
763 2669 843 2729 unde
866 2669 1017 2747 Superbus

194 2755 373 2833 Tarquinius
395 2774 490 2834 regno
513 2755 615 2834 pulsus
639 2753 722 2831 fugit,
746 2753 835 2814 unius
858 2755 930 2814 assis

194 2841 259 2900 llon
284 2859 422 2920 umquam
446 2841 541 2919 pretio
564 2839 658 2918 pluris
680 2838 807 2911 licuisse,
831 2847 953 2899 notante

123 2935 150 2984 15
195 2925 304 3000 ludica,
327 2945 386 3005 quo
410 2925 498 2998 nosti,
521 2924 641 3004 populo,
665 2924 714 3001 qui
738 2924 845 2984 stultus
866 2924 996 2984 honores

194 3011 287 3089 Saepe
310 3012 358 3071 dat
380 3011 509 3089 indignis
531 3021 561 3069 et
582 3010 675 3069 famae
698 3009 786 3068 servit
808 3009 937 3087 ineptus,

194 3095 252 3165 Qui
274 3104 373 3174 stupet
395 3097 425 3155 in
449 3095 541 3155 titulis
563 3104 593 3154 et
616 3093 804 3170 imaginibus.
849 3093 928 3163 Quid
950 3099 1058 3170 oportet

193 3180 254 3241 Nos
278 3182 372 3241 lacere
396 3199 411 3240 a
434 3181 519 3258 volgo
543 3181 631 3259 longe
654 3179 802 3256 longeque
825 3175 979 3238 remotos?

194 3264 325 3343 Namque
349 3276 421 3338 esto,
446 3265 573 3343 populus
597 3263 723 3324 Laevino
747 3264 847 3323 mallet
869 3263 1013 3323 bonorem

122 3359 150 3408 20
194 3349 287 3418 Quam
310 3352 398 3410 Decio
422 3350 561 3410 mandare
585 3368 660 3409 novo
684 3366 851 3426 censorque
873 3356 1003 3408 moveret

194 3435 316 3513 Appius,
340 3436 470 3514 ingenuo
495 3435 518 3495 si
542 3454 603 3493 non
627 3451 721 3494 essem
744 3442 828 3512 patre
850 3442 938 3493 natus
960 3465 973 3476 -

193 3519 246 3578 Vel
267 3520 382 3592 merito,
406 3521 544 3597 quoniam
568 3521 598 3579 in
622 3519 742 3597 propria
766 3537 827 3578 non
852 3517 928 3595 pelle
950 3515 1114 3595 quiessem,

196 3604 252 3664 Sed
276 3604 406 3681 fulgente
429 3605 517 3664 trabit
539 3604 716 3664 constrictos
740 3603 838 3663 Gloria
861 3620 951 3663 curru

195 3857 215 3905 V
234 3874 257 3907 o.
277 3858 308 3908 93
329 3855 369 3906 hic
387 3858 421 3921 (o)
437 3856 441 3918 Ι
456 3858 487 3907 97
508 3854 599 3907 dehinc
920 3915 921 3920 Ἰ

194 3925 226 3975 Vl
246 3942 267 3976 o.
286 3927 301 3975 t
320 3924 488 3990 imperitarint
507 3924 511 3989 l
533 3926 548 3974 6
567 3924 604 3983 ut]
623 3922 671 3984 (niz
692 3927 735 3973 aut
752 3927 801 3974 etc.
818 3921 821 3989 Ι
840 3924 870 3974 13
890 3913 1120 3985 foratellensi
