2474 4440
469 259 641 312 GARMlNUM
660 262 669 314 l
687 266 710 315 ’1.
730 265 752 316 8.

200 434 314 512 Αρῐιιαι
332 432 409 492 dicet
422 433 505 510 equis
521 435 615 512 Argos
629 434 762 513 ditesque
778 436 928 516 Mycenas:

247 516 292 577 lle
311 535 366 577 uec
380 525 438 576 tam
454 518 569 596 patiens
585 518 786 581 Lacedaemon
1075 533 1104 583 to

203 601 265 662 Nec
279 610 339 661 tam
355 601 471 662 Larisae
488 603 633 680 percussit
649 621 769 682 campus
784 606 907 686 opimae,

246 685 340 756 Quam
356 685 461 747 domus
475 687 626 746 Albuneae
642 689 809 751 resonantis

202 769 242 829 Et
256 789 398 849 praeceps
413 771 488 830 Anio
504 790 538 832 ao
554 771 678 832 Tiburni
694 773 778 836 lucus
794 776 893 835 eluda

246 854 404 916 Mobilibus
420 857 550 934 pomaria
565 856 645 916 rivis.
661 893 702 903 -

200 938 293 1000 Albus
309 950 341 999 ut
357 941 485 1000 obscuro
501 941 633 1018 deterget
649 942 748 1002 nubila
764 943 845 1002 caelo
1075 955 1102 1004 ts

245 1024 339 1103 Saepe
355 1024 448 1084 Notus
465 1043 562 1102 neque
579 1027 706 1103 parturit
721 1027 822 1087 imbris

201 1107 359 1187 Perpetuo,
376 1108 417 1168 sic
434 1119 463 1168 tu
481 1109 599 1187 sapiens
615 1111 701 1170 linire
717 1122 865 1172 memento

245 1192 404 1253 'iristitiam
420 1193 554 1272 vitaeque
569 1194 686 1256 labores

201 1276 289 1348 Molli,
306 1277 421 1351 Plance,
436 1297 529 1350 mero,
545 1298 598 1339 seu
614 1289 642 1340 te
657 1280 798 1358 fulgentia
814 1281 907 1359 signis

244 1361 343 1422 Castra
358 1371 461 1422 teuent
475 1382 527 1424 seu
543 1363 632 1424 densa
649 1364 763 1426 tenebit
1074 1378 1102 1426 nt

200 1445 320 1506 Tiburis
335 1447 439 1506 umbra
454 1449 505 1507 tui.
551 1447 666 1509 Teucer
682 1450 828 1510 Salamina
842 1460 1015 1528 patremque

243 1530 316 1590 Cum
333 1531 456 1609 fugeret,
473 1542 570 1592 tameo
588 1532 645 1593 uda
660 1534 755 1613 Lyaeo

202 1614 351 1694 Tempora
366 1617 495 1694 populea
510 1618 604 1676 iertur
618 1618 745 1678 vinxisse
761 1636 883 1689 corona,

244 1699 293 1759 Sic
308 1700 402 1760 tristis
418 1701 531 1761 adlatus
546 1701 671 1762 amicos:

211 1783 277 1854 Quo
294 1803 350 1844 nos
365 1803 492 1862 cumque
508 1786 587 1851 seret,
598 1786 701 1846 melior
716 1787 835 1846 lortuua
851 1794 984 1865 parente,
1070 1798 1099 1846 25

243 1867 364 1941 ibimus,
381 1889 397 1928 o
413 1869 487 1930 socii
503 1869 701 1948 comitesquel

204 1951 249 2012 Nil
265 1953 481 2032 desperandum
497 1954 613 2014 'leucio
628 1955 702 2014 ‹luoe
718 1963 748 2015 et
762 1955 880 2034 auspice
896 1954 1027 2015 Teucrol

241 2036 345 2098 Certus
361 2039 440 2097 enim
456 2039 592 2117 promisit
605 2039 720 2117 Apollo,

198 2121 371 2199 Ambiguum
388 2122 491 2182 tellure
508 2142 582 2183 nova
598 2123 743 2184 Salamina
758 2125 895 2183 suturam.

240 2204 372 2266 Olortes
388 2206 546 2286 peioraque
562 2208 639 2286 passi
1015 2224 1016 2227 ’
1071 2218 1100 2267 to

200 2289 313 2350 lllecum
329 2309 417 2371 saepe
433 2291 494 2365 viri,
512 2310 591 2352 nuuc
608 2293 675 2351 vino
690 2291 790 2370 pellite
806 2310 900 2364 curas,

241 2375 312 2435 Cras
334 2375 441 2453 ingens
456 2376 626 2436 iterabimus
642 2371 773 2453 aequor?

572 2627 636 2687 Vlll

198 2727 296 2806 Lydia,
312 2726 367 2800 dic,
383 2729 550 2806 peremnis

244 2811 285 2871 Te
300 2811 370 2872 deos
386 2830 448 2884 oro,
465 2811 589 2890 Sybarin
606 2831 659 2873 our
674 2830 815 2891 properes
831 2810 955 2870 amando

156 2991 199 3043 Vll
208 2997 255 3046 ao
265 2992 327 3044 dicit
341 2994 346 3060 Ι
364 2999 393 3048 l'l
405 3002 540 3061 perpetuos
556 2994 560 3061 Ι
576 2995 715 3047 inibimus.
726 2994 814 3045 Osocii
825 2992 1143 3059 comitesque,A.Frigell

62 3066 94 3112 et
102 3063 134 3110 in
144 3060 184 3110 ed.
196 3075 279 3112 carna.
291 3066 318 3111 et
327 3063 401 3127 epod.
416 3068 441 3112 et
455 3066 485 3113 in
494 3064 626 3114 adnotati.
641 3065 677 3114 ad
685 3063 746 3113 lior.
758 3077 838 3113 carm.
850 3061 958 3125 (lipsala
969 3063 1139 3111 universitate

63 3125 197 3187 arestein
216 3129 334 3193 1888)]1.
352 3131 368 3180 6
392 3133 396 3194 Ι
419 3132 451 3182 21
473 3131 583 3195 auspice.
601 3131 644 3192 (s.;
663 3129 709 3196 αι)
728 3128 826 3179 Teucro
849 3132 933 3179 certus
951 3129 986 3179 al.
1004 3128 1084 3192 (velut
1101 3129 1139 3179 Io.

64 3195 211 3256 Schrader,
222 3195 364 3260 11111131
371 3197 616 3264 opnao.pbil.lbb9)l
626 3195 851 3248 'leucrivPboebo
858 3197 942 3247 Bentl.
958 3197 962 3258 Ι
978 3195 1136 3260 inambigua

64 3263 161 3316 tellure
179 3277 271 3314 novam
285 3261 413 3315 Salamina
431 3264 540 3316 suturam
559 3266 591 3315 A.
607 3264 744 3316 Lobmcnn
762 3266 793 3315 dc
805 3266 866 3314 Ione
878 3264 985 3314 Homeri
998 3268 1023 3312 et
1035 3263 1136 3326 Sopbo-

65 3331 117 3382 alis
136 3328 197 3382 diss.
209 3330 297 3382 Berol.
314 3333 377 3383 1863
395 3333 459 3383 tbee.
478 3335 507 3391 6;
525 3331 555 3384 ll.
570 3332 721 3384 Volkmann
738 3335 877 3382 observatt.
896 3331 1028 3381 miscellae
1042 3345 1136 3395 progr.

65 3399 156 3451 lavor.
176 3413 199 3448 c.
221 3399 285 3450 1812
301 3414 329 3462 p.
349 3401 424 3484 Sap„
443 3415 510 3464 quae
528 3403 683 3451 coniectura
700 3403 892 3465 speciosissima
911 3401 1052 3462 praeminere
1068 3400 1136 3448 reoi-

62 3469 162 3533 piatnr
182 3458 260 3516 ‘vera
287 3463 395 3517 Salamis
432 3469 506 3532 apnd
523 3467 664 3519 Manilium
684 3467 704 3517 V
723 3472 769 3532 50,
794 3465 1135 3527 Lurannmlll183‚Sen.

68 3532 168 3586 traca
187 3549 211 3585 v.
230 3535 281 3584 844
305 3535 406 3597 obstat,
434 3538 478 3584 oni
505 3536 622 3601 ambigua
651 3535 758 3586 Salamis
782 3537 941 3599 opponitnr;
963 3549 1012 3597 per
1038 3549 1065 3581 se
1083 3547 1135 3582 am-

64 3601 146 3666 bigua
164 3600 241 3652 tellus
260 3602 334 3666 apud
351 3602 493 3652 Horatium
515 3620 578 3653 sane
596 3619 650 3654 non
669 3601 816 3670 offenderet
832 3601 890 3652 coll.
910 3616 932 3651 o.
951 3603 992 3661 25,
1011 3604 1057 3664 qni
1075 3616 1135 3650 ora·

65 3668 124 3720 auli
143 3673 214 3719 certe
231 3673 347 3718 naturae
363 3670 457 3719 mebris
474 3672 614 3734 respondet
631 3687 710 3735 qnam
729 3671 822 3732 llarip.
833 3669 888 3720 Hel.
906 3684 930 3718 n,
951 3670 998 3720 148
1009 3684 1064 3732 sqq.
1088 3666 1136 3716 Eis

62 3735 118 3808 γῆν
135 3731 248 3786 ἐναλίαν
267 3732 388 3802 Κύπρον,
407 3721 438 3786 οὗ
455 3732 488 3802 μ’
503 3737 652 3789 ἐθέσπισεν
666 3738 754 3788 Οἰκεῖν
771 3732 918 3796 Ἀπόλλων,
936 3730 1024 3798 ὄνομα
1036 3750 1133 3796 morer·

62 3797 147 3857 τικόν
165 3799 311 3868 Σαλαμῖνα
329 3803 450 3870 θέμενον
467 3805 513 3868 τῆς
530 3807 585 3855 ἐκεῖ
600 3803 680 3871 χάριν
698 3799 815 3871 πάτρας,
839 3806 887 3853 nbi
903 3806 962 3867 ipsa
982 3802 1084 3867 Cyprus
1102 3803 1134 3851 ab

63 3871 191 3938 Apolline
207 3871 328 3922 indicata
346 3888 400 3921 essa
418 3872 519 3922 dicitnr

153 3937 207 3990 vut
228 3953 251 3989 a.
274 3939 289 3989 2
307 3938 356 3990 hoc
374 3939 436 3990 deos
454 3954 500 3989 oro
518 3942 553 4002 (o)
571 3939 619 3990 boc
636 3937 698 3990 deos
717 3953 775 3990 uere
794 3941 828 4002 (o)
843 3938 847 4003 Ι
864 3950 984 4003 properas
