2474 4440
126 243 185 302 192
484 243 715 297 EPISTULARUM
733 244 742 296 l
761 247 785 298 6.
803 248 827 298 i.

119 430 148 480 45
205 416 295 479 Exilis
318 418 424 478 domus
445 425 498 490 est,
520 417 572 478 ubi
595 436 655 477 nou
680 425 708 477 et
730 417 818 477 multa
841 427 1004 498 supersunt

209 501 246 562 Et
268 502 421 563 dominum
443 502 549 562 fallunt
570 511 600 562 et
621 512 748 581 prosunt
770 501 897 564 iuribus.
941 502 1033 582 Ergo,

209 587 239 648 Si
262 607 310 648 res
332 587 392 649 sola
416 595 513 666 potest
534 587 631 647 lacere
653 598 683 647 et
704 605 820 648 servare
843 587 971 662 beatum,

208 672 273 733 lloc
294 674 407 752 primus
429 680 546 752 repetas
568 690 652 750 opus,
675 672 733 733 hoc
754 681 922 751 postremus
945 673 1073 745 omittas.

209 757 239 818 Si
263 758 444 818 fortunatum
467 756 582 836 species
604 766 634 817 et
655 757 748 836 gratia
769 766 907 836 praestat,

122 855 152 904 ou
209 843 376 904 llercemur
398 861 525 916 servum,
549 842 600 919 qui
622 841 712 903 dictet
735 843 864 917 nomina,
887 844 1001 904 laevum

210 927 265 998 Qui
289 928 396 989 fodicet
419 927 494 988 latus
517 934 547 987 et
569 936 655 1007 cogat
675 936 759 989 trans
781 929 913 1008 pondera
937 927 1069 988 dextram

89 1049 94 1058 ·
209 1013 378 1092 reerigere:
399 1006 461 1073 ‘hic
483 1012 608 1073 multum
630 1012 660 1072 in
685 1012 774 1073 Fabia
795 1013 879 1089 valet,
902 1013 950 1073 ille
973 1013 1094 1086 Velina;

212 1097 263 1157 Cui
286 1097 358 1159 libet
380 1097 428 1158 hic
451 1097 537 1158 fascis
559 1096 639 1157 dabit
661 1098 825 1178 eripietque
848 1098 950 1160 curule

210 1182 262 1242 Cui
284 1183 363 1244 volet
384 1183 573 1262 importunus
596 1173 688 1243 ebur?
731 1177 856 1244 ‘Frater’
877 1175 981 1262 ‘pater'
1008 1184 1098 1256 adde;

123 1280 152 1332 55
209 1266 248 1328 Ut
270 1269 377 1346 cuique
400 1277 444 1329 est
466 1276 555 1339 aetas,
578 1267 617 1327 ita
641 1285 789 1346 quemque
810 1270 924 1329 facetus
946 1268 1065 1348 adopta.

210 1353 239 1413 Si
262 1352 340 1414 bene
362 1352 413 1431 qui
436 1361 523 1413 cenat
544 1352 621 1412 bene
642 1353 719 1425 vivit,
742 1354 829 1428 lucet,
853 1372 952 1415 eamus

210 1437 276 1509 Quo
298 1439 379 1500 ducit
401 1438 477 1516 gula,
501 1438 658 1516 piscemur,
680 1456 834 1511 venemur,
856 1447 889 1500 ut
911 1439 980 1500 olim

211 1522 365 1602 Gargilius,
389 1523 440 1602 qui
462 1540 548 1582 mane
570 1522 681 1601 plagas,
703 1523 857 1597 venabula,
880 1542 990 1598 servos,

210 1608 364 1669 llilfertum
386 1608 513 1669 transire
536 1608 633 1667 lorum
657 1608 859 1687 populumque
881 1609 1012 1683 iubebat,

124 1705 153 1755 60
211 1693 293 1755 Unus
316 1703 348 1756 ut
371 1713 386 1754 c
408 1693 508 1754 multis
530 1692 641 1771 populo
664 1702 815 1772 spectante
838 1695 962 1754 referret

209 1779 348 1858 Emptum
371 1779 468 1840 mulus
489 1794 604 1856 aprum.
649 1776 737 1839 Crudi
760 1778 923 1857 tumidique
945 1779 1087 1851 lavemur,

210 1863 287 1934 Quid
309 1864 419 1936 deceat,
443 1863 511 1941 quid
536 1881 597 1923 non
622 1862 713 1936 obliti,
737 1862 850 1924 Caerite
873 1882 940 1924 cera

211 1948 307 2028 Digni,
331 1948 485 2028 remigium
508 1947 645 2008 vitiosum
668 1947 830 2009 Ithacensis
852 1947 937 2022 Ulixi,

212 2034 264 2094 Cui
287 2034 385 2112 potior
406 2033 498 2113 patria
522 2033 578 2093 luit
599 2032 755 2093 interdicta
777 2033 920 2111 voluptas.

211 2118 252 2192 Si,
275 2118 468 2179 Mimnermus
489 2117 532 2178 uti
554 2127 666 2190 censet,
689 2117 754 2179 sine
776 2136 877 2179 amore
900 2118 1032 2197 iocisque

212 2204 259 2264 Nil
281 2212 325 2264 est
347 2203 518 2275 iucundum,
541 2202 618 2263 viras
641 2203 671 2262 in
695 2220 795 2264 amore
818 2203 959 2283 iocisque.
984 2237 1024 2248 -

213 2288 293 2361 Vive,
315 2288 392 2348 valel
437 2287 538 2366 Siquid
562 2287 668 2349 novisti
691 2288 800 2350 rectius
822 2289 893 2361 istis,

215 2372 362 2434 Candidus
385 2372 516 2451 imperti;
539 2372 563 2434 si
587 2391 658 2446 non,
680 2372 726 2434 his
748 2383 833 2435 utere
855 2391 984 2435 mecum.

590 2527 743 2537 ——

639 2644 689 2704 Vll

215 2763 354 2843 Quinque
376 2764 438 2824 dies
460 2763 513 2824 tibi
536 2763 685 2843 pollicitus
707 2781 754 2823 me
776 2782 846 2824 rure
869 2765 1011 2836 loturum,

216 2848 355 2910 Sextilem
377 2858 474 2910 totum
496 2848 623 2909 mendax
646 2848 808 2910 desideror.
852 2848 941 2927 Atqui

215 2933 246 2995 Si
268 2952 316 2994 me
338 2934 434 2995 rivere
455 2935 498 2995 ris
520 2952 624 2996 sonum
648 2942 788 3012 recteque
810 2933 965 3007 valentem,

215 3019 310 3090 Quam
333 3020 404 3081 mihi
427 3019 478 3081 das
500 3038 600 3099 aegro,
623 3017 705 3080 dabis
727 3025 880 3096 aegrotare
902 3018 1028 3093 timenti,

145 3115 160 3164 5
218 3105 379 3181 Maecenas,
402 3105 526 3175 veniam,
549 3106 619 3167 dum
643 3105 716 3165 ficus
737 3103 831 3182 prima
855 3103 995 3182 calorque

215 3189 445 3270 Dissignatorem
470 3190 590 3251 decorat
611 3187 765 3250 lictoribus
788 3188 869 3262 atris,

217 3274 292 3336 llum
316 3277 417 3356 pueris
440 3276 536 3336 omnis
559 3283 642 3354 pater
663 3282 693 3334 et
714 3273 873 3334 matercula
896 3273 985 3352 pallet

217 3359 414 3440 officiosaque
436 3360 574 3423 sedulitas
597 3368 626 3420 et
648 3359 742 3439 opella
763 3358 891 3420 forensis

216 3446 341 3507 Adducit
363 3445 454 3507 lehris
477 3452 506 3504 et
528 3453 699 3505 testamenta
721 3443 862 3524 resignat.

133 3540 160 3592 tu
217 3530 328 3602 Quodsi
351 3531 455 3591 bruma
481 3529 562 3590 nives
584 3529 705 3590 Albanis
727 3529 833 3590 inlinct
855 3528 943 3609 agric,

216 3618 258 3677 Ad
282 3635 363 3677 mare
386 3615 545 3677 descendet
568 3622 645 3675 vates
667 3624 736 3676 tuus
758 3624 787 3676 et
808 3614 864 3675 sibi
888 3623 990 3694 parcet

218 3801 248 3853 Vl
267 3819 290 3854 o.
310 3804 342 3854 50
360 3800 472 3864 laevum]
489 3801 538 3864 (elz
557 3813 663 3851 saeuum
678 3799 682 3865 Ι
698 3800 731 3852 68
748 3799 769 3851 si
788 3799 823 3850 nil

218 3870 260 3922 Vll
277 3887 301 3923 o.
321 3873 336 3922 2
354 3869 435 3936 atqui]
454 3872 502 3934 (ωε
522 3871 600 3933 atque
626 3869 629 3934 Ι
657 3869 671 3919 3
690 3867 730 3918 uis
747 3872 867 3933 recteque
891 3864 979 3918 uidere
997 3865 1113 3917 ualentem
1127 3855 1145 3917 (l

12 3874 114 4176 Χ
134 3942 148 3990 5
167 3939 288 4006 colorque
306 3940 348 4004 (=
366 3940 415 4001 13⁶)
