2474 4440
104 248 145 305 56
487 248 659 300 GARMlNUM
676 249 708 300 lll
725 253 749 301 4.
769 254 792 301 5.

163 432 192 481 65
237 420 285 480 Vis
308 419 412 481 consili
435 438 539 498 expers
562 420 639 479 mole
662 420 723 481 ruit
744 438 806 493 sua,

234 505 298 565 Vim
321 513 510 582 temperatam
533 504 561 563 di
584 523 705 582 qnoque
730 507 896 583 provehunt

282 589 314 649 ln
340 590 447 662 maius3
471 589 546 649 idem
570 589 659 649 odere
682 591 749 650 viris

334 675 429 736 Omne
452 675 534 735 nelos
556 674 654 733 animo
678 675 830 735 moventis.

238 792 333 853 Testis
355 810 486 852 mearum
509 793 695 852 centimanus
717 792 793 870 Gyas

166 889 195 939 to
239 877 469 949 Sententiarum,
493 888 582 937 notus
604 885 634 936 et
655 877 787 954 integrae

284 962 455 1040 Temptator
481 960 573 1021 Orion
598 961 715 1030 Dianae,

338 1047 473 1125 Virginea
496 1046 624 1107 domitus
646 1047 758 1124 sagitta.

240 1165 350 1224 lniecta
374 1164 514 1224 monstris
537 1164 628 1224 Terra
651 1164 729 1224 dolet
751 1165 811 1225 suis

239 1251 406 1326 Maeretque
430 1258 531 1327 partus
554 1249 676 1309 fulmine
698 1249 824 1310 luridum

168 1345 196 1394 '15
283 1333 386 1394 Missos
408 1333 442 1393 ad
467 1333 589 1407 Orcum,
613 1352 668 1394 neo
692 1334 806 1412 peredit

333 1417 503 1497 impositam
527 1419 607 1479 celer
629 1420 706 1496 ignis
728 1423 861 1491 Aetnam,

240 1536 457 1596 incontinentis
481 1554 536 1596 nec
559 1536 633 1613 Tityi
657 1537 740 1596 iecur

242 1621 372 1698 Reliquit
394 1621 462 1694 ales,
487 1621 633 1697 nequitiae
656 1621 770 1682 additus
847 1693 855 1703 Ι

286 1706 400 1777 Custos,
423 1715 582 1765 amatorem
606 1715 755 1766 trecentae

168 1802 199 1855 so
331 1789 495 1850 Pirithoum
518 1790 659 1851 cohibent
680 1800 810 1851 catenae.

635 2042 657 2100 V

183 2203 187 2209 .
241 2145 327 2206 Caelo
350 2154 501 2205 tonantem
525 2145 702 2205 credidimus
724 2143 820 2204 lovem

240 2231 385 2306 Regnare,
408 2249 549 2308 praesens
571 2229 654 2289 divus
675 2229 832 2290 habebitur

288 2319 437 2392 Augustus
459 2315 580 2374 adiectis
603 2314 751 2374 Britannis

339 2399 465 2478 lmperio
489 2399 685 2478 gravibusque
710 2398 813 2459 Persis

185 2530 200 2578 5
243 2517 364 2578 Milesne
388 2518 482 2578 Crassi
506 2517 633 2594 coniuge
655 2516 776 2576 barbara

242 2603 349 2682 Turpis
372 2605 494 2663 maritus
516 2602 585 2661 vixit
607 2612 636 2662 et
657 2602 784 2662 hostium

266 2721 279 2731 -
304 2688 360 2746 Pro
385 2688 465 2748 curia
487 2687 655 2765 inversique
678 2687 790 2746 moresl
814 2719 827 2729 -

339 2772 502 2833 Consennit
524 2789 693 2833 socerorum
718 2770 748 2830 in
772 2771 869 2842 armis,

242 2891 303 2951 Sub
326 2909 397 2968 rege
420 2890 504 2950 lledo
528 2890 642 2950 Marsus
664 2899 694 2949 et
716 2890 837 2967 Apulus,

170 2987 198 3035 to
242 2976 424 3036 Anciliorum
447 2985 476 3034 et
492 2975 620 3035 nominis
643 2985 672 3035 et
695 2984 779 3052 togae

293 3059 409 3120 Oblitus
431 3069 628 3138 aeternaeque
653 3060 763 3131 Vestae,

341 3144 486 3204 lncolumi
511 3144 576 3204 love
599 3154 628 3203 et
650 3144 723 3203 urbe
749 3141 863 3204 lloma‘l

244 3262 307 3322 Hoc
330 3271 445 3322 caverat
468 3280 550 3322 mens
573 3263 693 3341 provida
716 3262 819 3340 lleguli

247 3347 453 3408 llissentieutis
477 3347 701 3407 condicionibus

174 3443 201 3491 15
290 3431 395 3491 Foedis
418 3441 446 3490 et
469 3432 602 3509 exemplo
626 3432 751 3491 trahenti

343 3516 507 3575 Perniciem
529 3517 649 3577 veniens
673 3518 702 3576 in
726 3535 838 3589 aevum,

113 3620 416 3713 *While-72]
435 3651 458 3698 H
476 3647 510 3709 cs.
530 3665 617 3713 opusc.
631 3649 659 3700 lll
673 3653 761 3713 bouq,
779 3651 827 3698 ubl
845 3650 925 3698 etium
943 3664 967 3698 o.
980 3649 1084 3699 'll-80
1096 3647 1178 3698 natm
1212 3652 1231 3667 ’“

116 3719 163 3768 doc
181 3735 235 3796 ecce
250 3723 310 3796 post
328 3720 394 3768 nh'os
417 3724 502 3768 censet
517 3716 521 3785 Ι
538 3719 569 3769 69
583 3717 652 3784 Gyas
664 3720 717 3779 (vll
735 3717 880 3767 Lambinus
894 3712 928 3776 ef.
940 3715 961 3766 ll
976 3718 1015 3779 ll,
1031 3717 1077 3767 14:
1093 3712 1170 3781 gigant

116 3789 147 3838 78
167 3786 317 3905 relqrqqttw
335 3857 411 3919 prins
430 3858 455 3903 et
474 3869 523 3903 om.
540 3854 543 3909 l
570 3856 598 3904 15
618 3852 726 3918 exempli
747 3851 872 3903 trahentis
888 3850 976 3902 Bentl.
998 3850 1003 3918 Ι
1026 3848 1130 3903 trahenti
1142 3843 1188 3915 (ν)

119 3922 191 3972 doit.
212 3921 342 3972 Cantor-ns
360 3937 420 3972 noo.
440 3922 497 3971 leot.
517 3920 558 3971 Vll
577 3924 609 3972 30
628 3920 714 3985 (Grut.
734 3920 848 3984 lampad.
867 3919 896 3970 lll
916 3919 988 3984 680);
1010 3917 1123 3971 trahentis
