2520 4434
100 234 160 291 138
505 233 693 286 sartanauu
712 234 722 285 l
740 238 763 285 5.

183 406 276 466 Nauta
297 406 381 485 piger
403 424 472 465 sano
495 405 598 484 religat
620 406 777 484 stertitque
799 406 933 484 supinus.

98 503 127 552 20
184 489 304 569 lamque
327 490 388 550 dies
410 490 519 563 aderat,
543 491 585 551 nil
607 510 673 551 cum
697 491 858 570 procedere
879 490 999 552 lintrem

185 576 344 643 Sentimus,
368 575 463 635 donec
486 574 661 636 cerebrosus
684 576 799 656 prosilit
820 594 899 636 unus

184 661 226 720 Ac
249 661 344 721 mulae
368 670 533 738 nautaeque
556 671 645 740 caput
665 661 844 739 lumbosque
866 661 980 740 saligno

186 745 275 805 Fuste
297 746 392 818 dolat;
415 755 517 824 quarta
539 745 585 804 vir
607 746 725 806 demum
749 745 927 824 exponimur
949 746 1032 806 hora.

186 831 244 890 Ora
267 849 430 909 manusque
452 842 501 890 tua
525 830 655 903 lavimus,
678 830 814 903 Feronia,
837 830 972 910 lympba3

112 928 142 976 25
186 915 263 976 Milia
286 926 348 976 tum
372 918 471 994 pransi
495 916 549 975 tria
572 917 702 994 repimus
724 924 812 993 atque
835 915 968 976 subimus

186 1000 358 1079 Impositum
381 1000 456 1061 saxis
478 1000 534 1059 late
557 1000 752 1060 candentibus
774 1001 886 1060 Anxur.

186 1084 250 1145 Huc
273 1095 414 1146 venturus
437 1094 500 1144 erat
521 1084 675 1146 Maecenas
698 1086 827 1164 optimus
848 1095 936 1163 atque

186 1170 336 1243 Cocceius,
358 1170 439 1231 missi
461 1171 575 1246 magnis
597 1172 632 1230 de
655 1170 746 1231 rebus
767 1179 893 1248 uterque

185 1255 297 1333 Legati,
320 1274 437 1315 aversos
458 1254 535 1314 soliti
559 1274 741 1334 componere
763 1256 881 1316 amicos.

114 1351 143 1399 30
186 1339 242 1399 llic
265 1340 358 1401 oculis
381 1358 436 1418 ego
460 1340 543 1417 nigra
566 1341 637 1401 meis
661 1341 780 1420 collyria
804 1341 901 1419 lippus

189 1425 333 1497 lnlinere;
356 1425 467 1485 interea
491 1425 645 1485 Maecenas
666 1426 785 1486 advenit
807 1435 895 1503 atque

189 1511 330 1571 Cocceius
352 1509 513 1588 Capitoque
536 1511 624 1570 simul
647 1511 798 1581 Fonteius,
821 1510 856 1569 ad
879 1527 1011 1587 unguem

190 1594 294 1655 Factus
316 1595 415 1667 bomo,
438 1595 549 1656 Antoni
573 1615 632 1656 non
657 1606 690 1656 ut
712 1596 803 1674 magis
825 1594 899 1655 alter
920 1594 1042 1655 amicus.

188 1679 309 1740 Fundos
330 1680 445 1740 Aufidio
468 1681 564 1740 Lusco
589 1690 725 1759 praetore
747 1681 874 1741 libenter

115 1777 143 1825 35
188 1765 373 1843 Linquimus,
396 1766 493 1825 insani
515 1766 645 1826 ridentes
667 1766 796 1844 praemia
820 1764 944 1835 scribae,

186 1850 369 1910 Praetextam
393 1859 421 1909 et
443 1851 532 1910 latum
556 1851 668 1910 clavum
692 1868 864 1929 prunaeque
884 1848 1025 1909 vatillum.

187 1935 219 1993 ln
244 1935 459 1995 Mamurrarum
483 1936 548 1995 lassi
572 1936 678 1995 deinde
701 1935 773 1995 urbe
796 1952 958 2005 manemus,

188 2020 309 2079 Murena
332 2020 492 2098 praebente
515 2021 644 2093 domum,
668 2020 809 2100 Capitone
832 2019 969 2079 culinam.

188 2104 309 2163 Postera
331 2106 381 2164 lux
405 2106 500 2164 oritur
522 2107 615 2165 multo
638 2107 819 2183 gratissima;
843 2122 970 2182 namque

116 2200 144 2247 40
188 2189 300 2248 Plotius
324 2198 352 2249 et
374 2189 477 2248 Varius
500 2190 656 2251 Sinuessae
679 2191 883 2268 Vergiliusque

189 2273 369 2345 Occurrunt,
393 2274 516 2347 animae,
541 2276 634 2352 qualis
659 2295 755 2354 neque
779 2273 965 2334 candidiores

188 2358 278 2418 Terra
302 2359 368 2418 tulit
390 2378 487 2436 neque
510 2362 576 2437 quis
600 2379 646 2420 me
669 2362 706 2421 sit
728 2359 890 2419 devinctior
912 2359 995 2418 alter.

189 2442 212 2501 0
237 2444 286 2520 qui
310 2444 480 2522 complexus
503 2455 532 2504 et
554 2447 658 2522 gaudia
681 2454 789 2522 quanta
812 2445 948 2503 lueruntl

188 2528 234 2586 Nil
257 2547 311 2606 ego
335 2530 510 2589 contulerim
534 2530 664 2590 iucundo
687 2548 777 2590 sanus
800 2530 904 2588 amico.

115 2624 144 2672 45
188 2614 322 2673 Proxima
346 2614 494 2692 Campano
517 2616 600 2693 ponti
624 2633 698 2693 quae
720 2615 817 2674 villula
840 2623 949 2673 tectum

188 2699 327 2759 Praebuit
349 2709 378 2759 et
400 2700 520 2777 parochi
544 2718 619 2777 quae
642 2700 751 2759 debent
772 2701 851 2776 ligna
875 2698 1035 2776 salemque.

188 2784 264 2843 Hinc
287 2785 357 2844 muli
381 2784 496 2863 Capuae
519 2785 641 2845 clitellas
662 2794 795 2862 tempore
819 2792 953 2862 ponunt;

188 2869 298 2929 Lusum
322 2872 344 2929 it
365 2870 528 2936 Maecenas,
553 2869 712 2929 dormitum
737 2888 792 2946 ego
808 2869 1024 2948 Vergiliusque,

188 2954 319 3031 Namque
343 2954 400 3032 pila
424 2955 512 3033 lippis
535 2955 687 3014 inimicum
710 2965 739 3013 et
760 2953 863 3014 ludere
886 2952 995 3013 crudis,

116 3047 145 3094 50
188 3038 265 3097 Hinc
288 3058 343 3099 nos
365 3039 469 3099 Coccei
494 3040 601 3118 recipit
623 3040 794 3118 plenissima
817 3039 891 3105 villa,

189 3122 270 3192 Quae
292 3142 383 3202 super
405 3136 449 3185 est
471 3125 559 3185 Caudi
583 3143 742 3202 cauponas.
765 3159 806 3169 -
828 3123 914 3184 Nunc
936 3122 1008 3182 mihi
1030 3123 1139 3201 paucis

188 3208 335 3268 Sarmenti
358 3227 476 3270 scurrae
500 3228 629 3288 pugnam
654 3210 797 3287 Messique
821 3208 923 3268 Cicirri

188 3292 269 3351 Musa
291 3294 376 3353 velim
400 3312 545 3354 memores
568 3304 597 3354 et
620 3314 678 3371 quo
701 3304 783 3372 patre
807 3303 892 3354 natus
914 3301 1040 3370 uterque

189 3374 353 3437 Contulerit
376 3379 448 3439 litis:
473 3380 558 3439 Messi
582 3380 694 3440 clarum
716 3397 810 3456 genus
834 3379 912 3451 Osci,

116 3471 144 3518 55
190 3462 336 3522 Sarmenti
357 3462 475 3523 domina
498 3473 604 3537 exstat;
627 3464 663 3524 ab
686 3465 731 3525 his
754 3463 914 3524 maioribus
936 3461 993 3522 orti

190 3714 210 3762 V
229 3731 252 3764 o.
271 3717 301 3766 27
321 3712 463 3777 Maecenas,
482 3715 594 3780 optimus
604 3716 690 3767 Beati.
709 3716 712 3780 Ι
728 3717 761 3766 36
779 3715 907 3777 vatillum]
920 3712 955 3774 es.
969 3712 1018 3763 Fr.
1031 3710 1177 3763 Buecheler

106 3783 218 3835 Umbrio.
244 3799 271 3847 p.
292 3784 337 3840 63;
368 3780 396 3831 G.
417 3781 496 3832 Goetz
520 3800 562 3848 ap.
580 3783 717 3833 Loeaot'um
742 3785 781 3848 gl.
799 3799 870 3835 nom.
899 3799 926 3847 p.
946 3783 994 3834 180
1012 3795 1039 3829 n.
1068 3787 1177 3834 auctore

102 3851 133 3901 Η.
152 3849 315 3915 Nettlesbip:
332 3849 448 3900 batillum
466 3854 501 3915 (v)
523 3850 526 3914 Ι
551 3853 583 3903 39
602 3852 716 3916 proxima
743 3854 747 3917 Ι
773 3855 801 3902 51
823 3850 906 3902 claudi
934 3850 938 3916 l
965 3849 998 3901 52
1018 3846 1121 3910 Cicirri]
1147 3845 1177 3908 ct

103 3919 197 3983 denti,
214 3918 347 3982 Boagrius
365 3933 453 3982 opusc.
471 3919 491 3970 ll
509 3921 567 3983 274,
582 3927 594 3966 5
611 3921 615 3985 Ι
631 3919 719 3970 cicerri
738 3918 774 3977 cf.
793 3936 817 3970 v.
837 3921 868 3969 65
