2474 4440
49 207 92 266 34
437 201 732 256 ΕΔΒΙΙΝΠΙΙΗ.6.

123 391 138 438 5
181 378 264 439 Circa
280 376 401 436 virentis
416 386 460 436 est
474 376 591 436 animus
605 384 673 434 tuae

182 462 308 540 Campos
322 462 472 532 iuvencae,
489 479 569 521 nune
585 459 680 519 fluviis
693 477 811 536 gravem

231 546 359 606 Solantis
375 555 497 615 aestum,
514 563 595 604 nune
610 546 640 603 in
658 544 715 603 udo

270 630 384 690 Ludere
400 648 467 690 cum
482 629 579 689 ritulis
592 629 695 689 salicto

184 747 418 827 Praegestientis.
463 746 545 805 Tolle
562 746 730 823 cupidinem

112 843 140 891 to
182 831 297 892 lnmitis
312 850 401 891 uvae:
417 832 474 890 iam
490 830 542 890 tihi
557 829 660 889 lividos

226 915 394 994 Distinguet
408 925 568 975 autumnus
582 932 715 974 racemos

273 1001 427 1079 Purpureo
443 1000 540 1060 rarius
554 999 664 1059 oolore.

183 1119 243 1178 lam
258 1127 287 1178 te
303 1128 444 1196 sequetur
458 1152 471 1162 -
487 1118 580 1177 currit
595 1117 674 1176 enim
690 1117 772 1176 ferox

184 1205 271 1263 Aetas
286 1213 316 1263 et
330 1203 382 1275 illi,
400 1222 474 1280 quos
488 1202 541 1262 tihi
558 1201 727 1279 dempserit,

111 1297 140 1347 15
225 1288 363 1366 Adponet
377 1306 470 1347 annos
485 1319 498 1331 ·
515 1332 522 1359 ‚
538 1286 594 1345 iam
610 1294 745 1363 proterva

275 1371 386 1432 Fronte
402 1380 482 1450 petet
496 1369 602 1447 Lalage
617 1370 764 1441 maritum,

187 1488 308 1563 Dilecta,
326 1498 467 1568 quantum
484 1506 544 1547 non
562 1487 672 1548 Pholoe
688 1486 783 1565 logan,

188 1575 253 1635 Non
270 1574 393 1644 Chloris,
409 1572 475 1633 albo
491 1572 533 1632 sio
547 1591 652 1633 umero
669 1573 776 1644 nitens,

232 1659 269 1719 Ut
284 1675 358 1737 pura
375 1666 523 1717 nocturno
539 1657 655 1717 renidet

115 1753 144 1803 20
280 1743 364 1803 Luna
379 1743 452 1802 mari
468 1741 623 1803 Cnidiusve
639 1741 744 1820 Gyges,

189 1860 283 1931 Quem
299 1861 323 1921 si
339 1860 501 1939 puellarum
518 1859 664 1920 insereres
679 1860 780 1932 choro,

190 1945 262 2004 hlire
276 1945 388 2023 sagacis
403 1944 515 2003 falleret
530 1944 661 2022 hospites

236 2029 401 2089 Discrimen
418 2028 576 2089 obscurum
593 2027 697 2088 solutis

279 2113 418 2175 Crinibus
433 2112 629 2191 ambiguoque
643 2113 733 2173 voltu.

577 2364 611 2424 Vl

195 2481 328 2560 Septimi,
345 2481 431 2542 Gadis
442 2481 555 2542 aditure
570 2500 687 2543 meeum
702 2493 732 2543 et

194 2566 375 2628 Cantabrum
391 2567 542 2627 indoctum
559 2567 626 2644 iuga
642 2569 719 2628 lerre
736 2575 835 2629 nostra
851 2575 882 2628 et

191 2650 334 2711 barbaras
349 2650 452 2730 Syrtis,
467 2651 518 2711 ubi
533 2651 633 2712 Maura
648 2670 766 2731 semper

270 2737 390 2796 destuat
404 2736 493 2808 unda,

134 2865 149 2913 a
192 2853 285 2913 'lihur
300 2855 395 2931 Argeo
412 2853 538 2932 positum
555 2853 661 2914 colono

193 2938 237 2998 Sit
252 2956 334 2998 meae
349 2937 435 2998 sedes
451 2938 561 3011 utinam
577 2947 723 3011 senectae,

193 3023 236 3084 Sit
251 3021 357 3082 modos
372 3022 447 3082 lasso
464 3023 553 3084 maris
569 3033 597 3084 et
612 3024 723 3084 viarum

272 3106 465 3184 Militiaeque3

194 3223 278 3284 Unde
294 3224 317 3284 si
333 3225 441 3285 Pareae
457 3225 617 3303 prohibent
632 3226 759 3304 iniquae,

125 3317 153 3368 to
195 3309 287 3369 lluloe
302 3309 410 3387 pellitis
425 3309 529 3370 ovibus
544 3310 655 3371 Galaesi

196 3392 319 3452 Flumen
338 3403 366 3453 et
381 3403 500 3472 regnata
515 3405 612 3473 petam
628 3395 739 3455 Laconi

271 3477 351 3537 Rura
365 3478 537 3539 Phalantho.
553 3515 595 3524 —

67 3609 270 3620 -—.—.—-

157 3723 179 3771 V
206 3741 229 3776 υ.
260 3728 291 3779 12
315 3727 399 3779 sorios
421 3729 457 3791 (o)
478 3728 564 3780 Booti.
589 3728 593 3794 Ι
621 3731 652 3782 13
679 3733 762 3782 curret
785 3729 790 3796 l
814 3729 886 3781 lerox
913 3735 939 3780 et
969 3729 1047 3796 fugax

71 3791 159 3842 Iocum
177 3794 249 3842 inter
265 3811 293 3843 so
309 3799 415 3844 mutare
430 3799 574 3862 proposuit
592 3796 725 3862 Cruquius

157 3858 229 3910 Vlo.
249 3860 371 3913 ldomns
389 3862 448 3912 H-l’
