2474 4440
452 235 640 288 sarluauuu
659 237 710 288 [5.

111 406 176 467 Ad
198 426 327 487 pugnam
351 427 467 468 venere.
513 407 597 469 Prior
620 409 793 470 Sarmentus
814 401 896 487 ‘equi
920 418 949 470 te

111 489 204 554 Esse
227 494 284 554 leri
306 494 429 555 similem
452 483 537 553 dico?
584 493 736 565 Ridemus,
759 495 874 572 etipse

107 573 254 640 Messius
272 569 426 657 ‘accipio',
449 587 536 657 caput
559 587 588 638 et
608 589 714 639 movet.
756 572 807 649 ί0,
829 590 878 638 tua
902 599 997 642 cornu

106 658 164 723 Ni
187 665 266 724 loret
287 673 404 725 exsecto
426 652 528 732 lrous,'
555 664 651 741 inquit
670 656 755 742 ‘quid
779 665 898 736 laceres,
922 685 989 727 cum

110 745 178 807 Sic
200 748 323 809 mutilus
345 739 536 822 minitaris‘l’3
560 758 589 807 at
611 749 651 808 illi
675 749 757 809 loeda
782 750 901 809 cicatrix
1092 763 1121 812 dt

113 830 282 894 Saetosam
305 832 375 893 laevi
400 834 528 893 frontem
551 843 720 912 turpaverat
743 834 810 893 oris.

117 916 316 997 Campanum
339 919 369 978 in
391 917 539 989 morbum,
563 919 593 977 in
618 920 722 979 faciem
744 920 888 997 permulta
912 920 1035 993 iocatus,

114 999 282 1064 Pastorem
306 1004 425 1064 saltaret
449 1003 489 1063 uti
513 1002 639 1081 Cyclopa
662 1003 799 1081 rogabat:

111 1083 175 1147 Nil
198 1089 239 1148 illi
262 1089 340 1148 larva
364 1097 415 1148 aut
436 1089 554 1166 tragicis
576 1107 651 1167 opus
674 1108 739 1149 esse
762 1089 924 1149 cothurnis.

115 1170 220 1232 Multa
245 1173 373 1234 Cicirrus
395 1173 431 1233 ad
453 1173 541 1233 haec:
565 1173 703 1234 donasset
726 1175 823 1233 iamne
848 1183 980 1234 catenam
1092 1186 1121 1234 65

117 1255 173 1317 Ex
194 1269 263 1318 voto
287 1258 421 1330 Laribus,
445 1258 621 1336 quaerebat;
644 1258 741 1319 scriba
766 1260 843 1337 quod
868 1269 953 1333 esset,

116 1340 195 1403 Nilo
217 1343 348 1404 deterius
369 1344 505 1403 dominae
528 1344 573 1404 ius
596 1362 675 1417 esse;
699 1344 820 1423 rogabat

122 1427 276 1506 lienique,
300 1446 354 1488 cur
377 1446 515 1506 umquam
539 1430 671 1507 fugisset,
695 1431 741 1488 cui
765 1430 836 1488 satis
858 1447 917 1489 una

124 1510 229 1573 Farris
250 1513 325 1573 libra
348 1513 434 1582 foret,
456 1514 559 1592 gracili
582 1515 623 1574 sic
646 1525 765 1591 tamque
788 1513 906 1593 pusillo.

127 1595 258 1658 Prorsus
280 1598 410 1658 iucunde
432 1616 536 1658 cenam
559 1600 750 1678 producimus
773 1598 860 1657 illam.
885 1632 922 1641 -
1093 1611 1121 1659 tu
1197 1674 1200 1681 Ι

127 1681 293 1743 Tendimus
314 1682 385 1742 hinc
408 1692 487 1742 recta
512 1683 723 1755 Beneventum,
748 1682 798 1742 ubi
822 1683 943 1742 sedulus
966 1683 1073 1764 hospes

130 1767 228 1828 Paene
251 1785 366 1828 macros
389 1770 460 1828 arsit
482 1767 551 1827 dum
576 1769 677 1828 turdos
698 1777 794 1828 versat
816 1768 845 1827 in
871 1768 931 1846 igni
939 1786 947 1840 ;

131 1852 202 1912 Nam
224 1871 295 1931 vaga
316 1871 370 1930 per
391 1863 520 1912 veterem
543 1853 656 1931 dilapso
680 1853 796 1912 llamma
819 1853 948 1912 culinam

135 1936 263 1998 Volcano
287 1955 434 1998 summum
458 1938 637 2016 properabat
660 1938 789 1998 lambere
811 1948 939 1999 tectum:

135 2021 275 2083 Convivas
297 2022 397 2082 avidos
420 2041 525 2082 cenam
548 2042 709 2101 servosque
731 2024 863 2083 timentis
1094 2033 1122 2082 ta

135 2107 206 2168 Tum
230 2126 335 2186 rapere
358 2117 446 2185 atque
469 2109 566 2168 omnis
589 2109 774 2187 restinguere
796 2108 870 2168 velle
891 2108 1015 2168 videres.

135 2191 240 2272 Incipit
263 2211 298 2253 ex
320 2191 371 2252 illo
393 2192 503 2253 montis
525 2194 630 2271 Apulia
655 2204 741 2254 notos

137 2276 292 2338 Ostentare
314 2277 395 2349 mibi,
419 2296 493 2355 quos
515 2287 608 2338 torret
630 2279 773 2339 Atabulus
796 2288 825 2337 et
847 2296 922 2355 quos

136 2361 299 2442 Numquam
323 2380 502 2440 erepsemus,
528 2365 584 2424 nisi
608 2384 663 2425 nos
686 2365 780 2424 vicina
804 2362 910 2422 Trivici

136 2446 205 2508 Villa
229 2446 392 2526 recepisset
414 2447 568 2509 lacrimoso
592 2469 653 2509 non
677 2450 740 2509 sine
765 2450 855 2519 lumo,
1093 2455 1121 2505 80

136 2531 212 2594 Udos
234 2550 303 2593 eum
327 2532 404 2592 loliis
426 2550 523 2593 ramos
545 2544 651 2595 urente
674 2534 800 2593 camino.

134 2616 185 2678 llic
209 2636 265 2696 ego
287 2617 460 2677 mendacem
483 2617 672 2680 stultissimus
695 2636 788 2694 usque
812 2617 939 2694 puellam

135 2703 175 2763 dd
197 2702 325 2763 mediam
348 2711 468 2762 noctem
491 2714 645 2782 exspecto;
668 2720 791 2763 somnus
814 2710 910 2760 tamen
936 2701 1030 2760 aulert

135 2786 284 2848 latentum
307 2786 430 2860 Veneri;
453 2798 515 2847 turn
538 2788 681 2848 inmundo
705 2786 819 2846 somnia
842 2786 905 2844 visu

136 2873 314 2943 Nocturnum
336 2881 446 2932 vestem
470 2874 618 2934 maculant
639 2881 833 2948 ventremque
856 2870 1005 2947 supinum.
1093 2879 1121 2929 85

136 2957 281 3026 Quattuor
301 2957 371 3017 hinc
394 2958 526 3035 rapimur
548 2959 649 3036 viginti
672 2968 701 3017 et
725 2956 801 3015 milia
825 2956 934 3027 media,

136 3040 265 3102 Mansuri
288 3041 439 3120 oppidulo,
462 3042 542 3120 quod
564 3061 651 3103 versu
673 3042 771 3101 dicere
797 3060 855 3101 non
880 3051 931 3110 est,

138 3126 232 3206 Signis
256 3127 395 3205 perlacile
419 3137 477 3201 est;
500 3129 581 3187 venit
603 3128 740 3188 vilissima
763 3144 862 3186 rerum

138 3210 188 3272 llic
210 3230 295 3289 aqua,
318 3212 367 3272 sed
393 3213 477 3289 panis
499 3213 587 3291 longe
609 3212 836 3291 pulcherrimus,
860 3210 936 3270 ultra

138 3294 259 3356 Callidus
282 3306 314 3356 ut
336 3296 428 3357 soleat
451 3299 560 3357 umeris
584 3308 703 3376 portare
725 3298 827 3357 viator.
1092 3303 1123 3353 90

139 3380 206 3441 Nam
230 3380 339 3442 Canusi
361 3382 510 3459 lapidosus
533 3418 548 3426 -
572 3401 663 3460 aquae
687 3401 748 3441 non
772 3382 860 3441 ditior
882 3399 957 3440 urna
981 3413 1004 3451 ·,

141 3464 192 3534 Qui
213 3467 296 3527 loeus
319 3484 335 3525 a
357 3467 427 3526 lorti
450 3467 589 3528 Diomede
612 3479 657 3528 est
680 3467 817 3527 conditus
839 3467 918 3526 olim.

94 3606 251 3627 κ

144 3713 199 3767 Vv.
218 3720 247 3771 60
266 3718 390 3770 miniteris
406 3719 410 3783 l
432 3719 462 3768 61
483 3732 546 3767 num
565 3718 658 3768 saetosi
677 3718 801 3767 laevam?
824 3717 827 3779 Ι
850 3715 913 3768 levia
937 3719 969 3769 ci.
987 3714 1038 3764 All
1052 3713 1121 3765 saevi

93 3772 105 3822 ¹·
120 3778 231 3836 Weidner
247 3804 310 3838 ann.
327 3787 393 3850 plat.
421 3787 481 3844 135,
500 3787 549 3836 283
570 3784 623 3850 164
642 3786 718 3835 barba
739 3787 774 3848 (u)
790 3785 794 3846 Ι
810 3787 842 3835 65
861 3785 947 3835 cicerri
966 3781 1001 3842 cf.
1020 3799 1043 3832 v.
1062 3783 1094 3834 52
1115 3781 1119 3847 Ι

95 3842 199 3903 ldouini
221 3862 225 3919 l
249 3859 281 3909 92
299 3859 327 3918 []
346 3855 451 3915 Bentl.,·
468 3853 508 3903 Me
525 3855 568 3916 (=
584 3855 653 3903 alred.
672 3855 734 3903 Hor.
753 3851 811 3904 met.
832 3853 875 3903 Gr.
895 3851 967 3902 Rom.
981 3850 1009 3901 lll
1028 3854 1077 3902 705
1097 3866 1121 3902 α.

93 3908 143 3973 am
157 3920 192 3971 aa.
209 3939 231 3974 a.
251 3927 316 3977 raro
332 3940 359 3988 p.
380 3922 444 3985 cun,
463 3925 493 3971 aa
510 3918 545 3980 ar.
565 3921 589 3970 rr
606 3937 693 3986 opusc.
713 3922 721 3972 r
743 3924 832 3984 rarsq.
