2474 4440
312 225 484 279 CARMINUM
501 227 530 279 tlt
548 231 589 283 21.
608 231 649 282 22.
669 232 710 283 23.

104 399 166 460 Non
189 398 247 471 ille,
264 416 440 478 quamquam
463 399 619 461 Socraticis
641 400 737 463 madet

104 482 304 556 Semonibus,
328 492 357 544 te
380 483 517 563 negleget
538 484 693 558 horridus;

146 569 289 630 Narratur
311 577 340 628 et
361 567 448 647 prisci
474 568 591 629 Catonis

198 652 293 731 Saepe
316 671 397 713 mero
421 653 544 714 caluisse
566 654 667 714 virtus.

104 771 145 832 Tu
167 771 235 832 leue
258 779 438 831 tormentum
460 771 581 849 ingenio
604 772 740 832 admoves

103 855 278 934 Plerumque
300 855 384 928 duro,
406 863 439 915 tu
461 855 638 934 sapientium

145 941 237 1002 Cures
260 948 289 999 et
310 957 451 1000 arcanum
473 941 573 1000 iocoso

198 1024 360 1085 Consilium
385 1025 492 1102 retegis
514 1025 620 1103 Lyaeo,

102 1140 144 1201 Tu
165 1160 249 1222 spem
271 1142 388 1203 reducis
410 1141 559 1203 mentibus
580 1142 673 1204 anxiis

102 1223 234 1305 l'irisque
257 1236 287 1288 et
308 1226 389 1287 addis
411 1245 524 1287 cornua
546 1227 670 1306 pauperi

144 1312 217 1372 Post
239 1320 269 1372 te
291 1329 389 1390 neque
412 1311 502 1371 iratos
522 1312 660 1372 trementi

198 1396 311 1474 Regum
334 1395 433 1475 apices
455 1414 552 1474 neque
574 1396 699 1457 militum
722 1413 816 1456 arma:

97 1508 138 1575 l'e
162 1513 252 1574 biber
274 1522 303 1574 et
325 1514 349 1574 si
371 1513 445 1574 laeta
468 1514 561 1574 aderit
582 1514 681 1576 Venus

97 1595 275 1679 segnesque
298 1598 408 1658 nodum
431 1598 545 1659 solvere
567 1597 683 1660 Gratiae

144 1684 291 1760 Vivaeque
313 1683 479 1762 producent
500 1683 649 1756 lucernae,

193 1767 271 1827 Dum
293 1767 409 1828 rediens
430 1768 512 1845 lugat
533 1776 610 1827 astra
632 1765 777 1828 Phoebus.

474 2019 554 2080 Xllll

97 2133 244 2197 llontium
266 2145 364 2197 custos
388 2154 612 2216 nemorumque,
635 2137 727 2218 virgo,

97 2220 181 2290 Quae
205 2220 365 2282 laborantis
388 2230 473 2282 utero
496 2222 608 2302 puellas

97 2303 156 2366 l'er
178 2314 279 2365 vocata
301 2306 382 2367 audis
405 2307 566 2386 adimisque
589 2308 657 2378 leto,

173 2390 243 2450 lliva
265 2389 415 2464 triformis,

97 2505 251 2568 inminens
273 2507 355 2568 villae
377 2518 426 2568 tua
449 2508 538 2587 pinus
561 2519 634 2582 esto,

97 2591 194 2662 Quam
217 2610 271 2670 per
293 2601 410 2654 exactos
432 2611 486 2671 ego
511 2591 603 2654 laetus
625 2611 719 2654 anuos

97 2674 196 2738 Verris
219 2675 372 2754 obliquum
394 2677 560 2739 meditantis
582 2678 673 2738 ictum

173 2761 324 2840 Sanguine
344 2761 462 2822 donem.

464 3013 557 3073 XXlll

98 3131 184 3192 Caelo
208 3132 329 3212 supinas
347 3120 375 3193 'si
398 3132 500 3192 tuleris
522 3149 627 3191 manus

97 3216 243 3277 Nascente
265 3218 344 3289 luna,
367 3217 475 3278 rustica
498 3215 627 3294 Phidyle,

144 3301 173 3361 Si
196 3310 262 3361 ture
284 3302 408 3382 placaris
430 3310 459 3361 et
482 3301 575 3360 horna

194 3386 291 3465 Fruge
314 3387 396 3448 Laris
419 3386 558 3464 avidaque
581 3402 680 3463 porca,

99 3502 158 3563 Nec
181 3505 366 3580 pestilentem
389 3504 496 3564 sentiet
518 3503 649 3563 Africum

99 3585 235 3647 Fecunda
257 3589 322 3649 vitis
345 3608 401 3649 nec
423 3587 552 3649 sterilem
575 3605 659 3666 seges

144 3671 320 3749 Robiginem
342 3684 393 3733 aut
414 3673 515 3733 dulces
537 3672 647 3732 alumni

194 3757 342 3818 Pomilero
365 3776 452 3836 grave
474 3768 591 3835 tempus
613 3775 702 3817 anno.

97 3856 175 3864 —.

97 3887 115 3938 ll
133 3907 155 3941 v.
176 3893 206 3942 10
225 3890 338 3957 neglegit
353 3889 358 3958 Ι
376 3893 406 3943 12
424 3890 560 3942 incaluisse
578 3889 648 3940 Mar.
666 3887 735 3940 Vict.
754 3885 787 3936 Vl
801 3902 830 3951 p.
851 3887 907 3949 159,
926 3885 957 3934 33
978 3881 1005 3934 K.
