2474 4440
540 218 581 271 DE
599 216 688 271 ARTE
705 216 851 271 Polemon.

248 391 287 452 Ut
309 392 411 453 redeat
432 391 556 464 miseris,
580 390 665 452 abeat
687 391 819 451 Fortuna
841 391 985 469 superbis.

252 475 336 537 Tibia
358 494 430 550 non,
453 485 486 537 ut
508 494 599 550 nunc,
623 476 770 537 orichalco
793 475 890 536 vincta
912 475 1061 554 tubaeque

139 613 142 620 .
250 561 383 637 hemula,
406 562 456 623 sed
479 561 577 622 tenuis
598 561 780 639 simplexque
801 560 947 621 foramine
970 579 1066 639 pauco

250 645 409 725 Adspirare
432 654 461 706 et
482 646 583 707 adesse
606 646 705 707 choris
727 655 790 706 erat
811 645 889 706 utilis
911 654 999 723 atque

250 731 390 793 Nondum
412 731 504 810 spissa
528 731 615 792 nimis
638 731 786 810 complere
808 730 909 792 sedilia
931 731 1012 805 flatu,

251 815 317 886 Quo
340 835 411 878 sane
434 817 562 896 populus
585 816 786 889 numerabilis,
809 825 910 894 utpote
934 833 1051 895 parvus,

250 901 288 961 Et
310 902 387 980 frugi
410 911 567 980 castusque
587 901 832 980 verecundusque
855 901 960 976 coibat.

253 985 414 1064 Postquam
437 987 534 1065 coepit
556 1004 643 1066 agros
665 985 823 1047 extendere
845 986 939 1046 victor
960 994 990 1048 et
1010 983 1096 1047 urbis

253 1070 353 1133 latior
375 1071 510 1151 amplecti
532 1088 635 1133 murus
657 1071 785 1150 vinoque
807 1070 915 1131 diurno

252 1157 364 1217 Placari
387 1156 499 1218 Genius
521 1157 602 1218 festis
624 1156 746 1235 impune
767 1156 880 1230 diebus,

253 1241 385 1303 Accessit
408 1241 600 1320 numerisque
623 1241 777 1321 modisque
798 1241 915 1302 licentia
937 1240 1041 1301 maior.

255 1326 396 1388 lndoctus
420 1326 490 1406 quid
512 1327 592 1387 enim
615 1336 731 1406 saperet
753 1326 886 1404 liberque
908 1325 1043 1387 laborum
1102 1392 1103 1395 Ἴ

252 1411 392 1473 Rusticus
414 1411 529 1472 urbano
552 1413 703 1484 confusus,
726 1411 821 1491 turpis
843 1408 990 1472 honesto?

254 1496 302 1557 Sic
324 1496 438 1576 priscae
460 1505 632 1574 motumque
655 1506 684 1557 et
705 1496 850 1557 luxuriem
873 1495 981 1556 addidit
1003 1495 1057 1556 arti

256 1580 377 1642 Tibicen
402 1581 548 1660 traxitque
570 1598 660 1659 vagus
681 1598 736 1660 per
757 1580 870 1660 pulpita
893 1589 1018 1654 vestem;

257 1665 305 1726 Sic
328 1665 414 1726 etiam
438 1665 545 1727 fidibus
567 1684 654 1727 voces
676 1684 795 1726 crevere
816 1665 924 1726 severis

255 1750 291 1810 m
315 1751 381 1811 tulit
403 1751 552 1831 eloquium
576 1750 726 1812 insolitum
750 1750 885 1812 facundia
908 1767 1051 1829 praeceps

256 1835 436 1913 Utiliumque
458 1854 545 1915 sagax
567 1855 667 1896 rerum
690 1845 720 1896 et
741 1835 837 1896 divina
860 1835 952 1896 futuri

259 1920 412 1999 Sortilegis
435 1940 496 1982 non
520 1920 682 2000 discrepuit
704 1920 851 1982 sententia
874 1919 1002 1999 Delphis.
1026 1951 1066 1999 e-

260 2004 395 2066 Carmine
418 2005 468 2084 qui
490 2007 600 2085 tragico
624 2005 709 2065 vilem
732 2004 852 2066 certavit
875 2004 913 2065 ob
936 2004 1059 2076 hircum,

256 2090 323 2150 Mox
347 2090 432 2150 etiam
455 2092 577 2169 agrestis
600 2091 719 2171 Satyros
741 2090 859 2150 nudavit
881 2097 911 2150 et
932 2107 1018 2168 asper

258 2174 403 2235 Incolumi
426 2175 564 2254 gravitate
586 2176 683 2236 iocum
707 2175 858 2255 temptavit
879 2193 925 2248 eo,
948 2173 1026 2252 quod

259 2257 421 2320 Inlecebris
444 2269 506 2320 erat
527 2269 557 2320 et
579 2271 660 2338 grata
684 2260 813 2321 novitate
835 2258 997 2320 monendus

259 2345 414 2423 Spectator
436 2345 613 2422 functusque
636 2345 727 2406 sacris
750 2354 779 2405 et
800 2355 888 2424 potus
910 2354 940 2405 et
961 2345 1055 2404 exlex.

202 2439 211 2450 '
259 2428 365 2489 Verum
389 2428 429 2490 ita
451 2429 567 2504 risores,
590 2430 628 2491 ita
651 2429 861 2491 commendare
882 2429 988 2491 dicacis

260 2513 425 2575 Conveniet
446 2515 574 2595 Satyros,
597 2515 636 2576 ita
657 2524 771 2576 vertere
793 2516 869 2576 seria
891 2514 970 2586 ludo,

259 2599 302 2661 Ne
326 2600 504 2681 quicumque
526 2600 608 2674 deus,
631 2601 810 2679 quicumque
832 2598 1019 2661 adhibebitur
1041 2598 1145 2673 heros,

261 2684 362 2763 Regali
386 2695 564 2764 conspectus
587 2686 616 2746 in
641 2704 713 2747 auro
737 2702 834 2765 nuper
856 2694 886 2746 et
908 2693 998 2758 ostro,

262 2768 368 2847 Migret
389 2770 420 2830 in
444 2769 585 2831 obscures
606 2771 708 2831 humili
733 2789 872 2832 sermone
894 2768 1031 2831 tabernas

262 2854 330 2928 hut,
353 2855 422 2915 dum
445 2855 515 2915 vitat
536 2856 668 2928 humum,
693 2855 781 2917 nubis
804 2864 832 2915 et
855 2854 952 2915 inania
975 2861 1083 2932 captet.

262 2938 387 2999 Ellutire
410 2940 480 3000 levis
502 2939 623 3018 indigna
645 2940 793 3017 tragoedia
815 2957 925 3012 versus,

261 3023 300 3084 Ut
322 3023 403 3085 lestis
425 3033 558 3086 matrona
582 3025 692 3084 moveri
714 3024 792 3086 iussa
814 3023 928 3098 diebus,

262 3108 401 3168 Intererit
423 3109 533 3189 Satyris
554 3109 686 3188 paullum
709 3108 881 3188 pudibunda
903 3108 1059 3187 protervis.
1095 3163 1098 3169 .

262 3192 329 3253 Non
353 3212 407 3273 ego
431 3194 567 3254 inornata
589 3203 619 3255 et
641 3194 821 3255 dominantia
844 3195 965 3255 nomina
988 3192 1085 3254 solum

208 3288 218 3300 '
263 3276 428 3356 Verbaque,
451 3278 583 3351 Pisones,
607 3279 779 3358 Satyrorum
801 3278 929 3359 scriptor
951 3277 1067 3352 amabo,

264 3361 325 3423 Nec
348 3362 390 3422 sic
412 3364 507 3425 enitar
528 3363 641 3441 tragico
664 3364 783 3424 differre
806 3364 908 3437 colori,

264 3447 303 3508 Ut
326 3447 399 3507 nihil
421 3448 546 3522 intersit,
568 3449 703 3510 Davusne
727 3449 865 3527 loquatur
888 3458 917 3509 et
939 3448 1032 3510 audax

263 3532 389 3612 Pythias,
412 3543 551 3595 emuncto
573 3533 683 3594 lucrata
706 3533 825 3594 Simone
848 3533 1000 3606 talentum,

264 3620 307 3678 dn
333 3627 433 3679 custos
455 3617 640 3697 famulusque
662 3617 708 3679 dei
731 3619 849 3680 Silenus
871 3618 992 3680 alumni.

176 3754 374 3762 m*

261 3853 284 3888 o.
304 3839 351 3889 201
380 3835 491 3888 Fortuna
518 3837 576 3886 ll-l’
598 3836 658 3888 AK:
684 3836 784 3890 tortura
811 3833 816 3904 Ι
843 3839 893 3890 202
920 3826 1004 3887 iuncta
1030 3835 1034 3902 Ι
1061 3838 1116 3892 203
1147 3856 1232 3908 paruo

178 3905 228 3956 214
245 3903 368 3956 luxuriam
384 3904 452 3972 1237
473 3907 507 3968 et]
525 3928 557 3948 ιι
575 3905 622 3958 B⁴;
643 3920 675 3956 an
