2474 4440
118 245 178 304 170
498 250 686 303 sarramuu
701 253 723 321 w11
741 257 766 305 r.
784 257 807 306 s.

203 421 344 494 Oblitum,
368 433 477 501 quanto
502 442 600 484 curam
625 434 833 505 sumptumque
855 427 1005 488 minorem

202 507 281 567 Haec
303 507 439 579 habeant,
464 518 544 568 tanto
568 510 746 587 reprehendi
768 511 874 572 iustius
895 512 962 585 iliis,

202 591 284 662 Quae
307 593 363 653 nisi
387 593 524 653 divitibus
548 605 700 672 nequeunt
723 597 897 674 contingere
921 588 1069 659 mensis‘i'
1096 635 1133 644 -

202 677 295 738 Docte
319 678 390 752 Cati,
413 697 468 758 per
489 679 645 739 amicitiam
669 680 808 759 divosque
832 691 961 759 rogatus,

201 762 317 823 Ducere
338 782 385 823 me
407 765 549 837 auditum,
571 781 678 845 perges
701 784 898 845 quocumque,
922 779 1085 830 memento.

200 846 273 908 Nam
297 849 427 926 quamvis
448 850 571 908 memori
595 850 704 911 referas
727 851 798 911 mihi
822 861 942 930 pectore
966 863 1083 932 cuncta,

200 933 266 993 Non
290 942 386 993 tamen
411 934 558 1012 interpres
580 935 753 995 tantundem
777 936 893 997 iuveris.
939 939 1022 999 Adde

202 1017 318 1078 Voltum
341 1019 532 1097 hahitumque
555 1019 691 1092 hominis,
715 1039 802 1098 quem
826 1033 858 1082 tu
882 1023 987 1083 vidisse
1010 1024 1114 1086 heatus

199 1102 265 1163 Non
289 1104 387 1182 magni
410 1104 525 1182 pendis,
549 1104 615 1182 quia
638 1105 774 1183 contigit;
797 1117 826 1166 at
849 1107 919 1167 mihi
942 1126 1015 1169 cura

201 1187 268 1247 Non
292 1189 447 1249 mediocris
470 1189 556 1262 inest,
580 1190 670 1250 fontis
693 1199 726 1250 ut
748 1191 828 1252 adire
852 1202 982 1253 remotos

204 1273 300 1351 Atque
321 1273 440 1334 haurire
464 1278 568 1352 queam
592 1275 665 1334 vitae
688 1285 845 1354 praecepta
868 1268 986 1338 heatae?

573 1442 723 1452 —..

635 1562 657 1620 V

200 1681 264 1741 Hoc
287 1701 415 1761 quoque,
439 1683 560 1755 Tiresia,
582 1691 700 1761 praeter
725 1691 840 1742 narrata
863 1683 974 1759 petenti

200 1766 367 1846 Responde,
392 1768 500 1848 quihus
522 1767 642 1828 amissas
665 1785 802 1845 reparare
825 1785 931 1844 queam
954 1785 1003 1829 res

199 1853 319 1914 Artibus
341 1863 429 1932 atque
453 1852 555 1913 modis.
600 1851 678 1923 Quid
701 1849 798 1913 rides?
839 1845 954 1912 ‘iamne
977 1853 1081 1915 doloso

199 1937 264 1996 Non
288 1939 357 1999 satis
380 1950 425 2000 est
446 1938 572 1998 Ithacam
596 1937 693 1998 revehi
716 1939 886 2016 patriosque
908 1937 1029 2000 Penatis

199 2015 394 2103 Adspicere?¹
437 2024 460 2084 Ο
486 2023 559 2083 nulii
581 2023 739 2101 quicquam
762 2023 894 2094 mentite,
917 2023 998 2084 vides
1022 2035 1055 2085 ut

199 2107 300 2169 Nudus
322 2109 468 2188 inopsque
491 2109 611 2168 domum
634 2107 750 2167 redeam
774 2117 802 2168 te
825 2116 897 2179 vate,
922 2127 1021 2187 neque
1044 2111 1101 2171 illic

198 2195 256 2252 Aut
278 2194 419 2272 apotheca
442 2193 540 2272 procis
562 2194 671 2253 intacta
693 2202 738 2252 est
760 2202 810 2254 aut
831 2210 939 2271 pecus3
962 2195 1045 2272 atqui

199 2276 237 2337 Et
259 2297 354 2356 genus
377 2289 406 2338 et
429 2279 528 2351 virtus,
553 2278 608 2338 nisi
631 2296 699 2338 oum
723 2295 763 2349 re,
787 2277 871 2337 vilior
893 2278 957 2356 alga
981 2290 1035 2340 est.

194 2354 335 2432 ‘Quando
358 2364 530 2443 pauperiem
552 2363 647 2424 missis
670 2362 842 2441 amhagibus
865 2362 979 2437 horres,

199 2448 307 2526 Accipe
330 2469 387 2528 qua
410 2449 523 2509 ratione
546 2466 635 2526 queas
657 2448 813 2508 ditescere:
839 2447 945 2509 turdus

199 2532 265 2593 Sive
288 2535 365 2595 aliud
388 2535 502 2615 privum
526 2533 643 2593 dabitur
665 2531 727 2606 tihi,
751 2532 865 2593 devolet
887 2532 967 2605 illuc,

198 2617 256 2678 Res
278 2619 329 2679 nbi
351 2638 457 2699 magua
480 2619 553 2679 nitet
575 2618 694 2677 domino
718 2637 807 2693 sene;
830 2617 925 2679 dulcia
949 2636 1036 2697 poma

199 2701 234 2763 Et
256 2723 460 2783 quoscumque
482 2705 557 2764 ferat
580 2704 676 2763 cuitus
699 2702 751 2762 tihi
774 2704 884 2763 fundus
905 2703 1037 2765 honores

196 2790 272 2849 Ante
295 2790 397 2850 Larem
421 2798 519 2868 gustet
540 2787 736 2848 venerabilior
758 2787 832 2848 Lare
855 2787 950 2862 dives;

199 2871 255 2943 Oui
279 2876 409 2952 quamvis
431 2874 568 2954 periurus
590 2873 655 2944 erit,
678 2873 743 2934 sine
766 2883 863 2950 gente,
886 2883 1031 2935 cruentus

198 2959 349 3036 Sanguine
372 2963 513 3031 fraterno,
537 2958 687 3035 fugitivus,
712 2977 750 3018 ne
773 2968 870 3018 tamen
894 2957 935 3018 illi
1032 2998 1036 3003 ,

197 3043 241 3103 Tu
264 3064 364 3107 comes
386 3046 523 3116 exterior,
546 3044 570 3104 si
594 3042 733 3122 postulet,
757 3043 799 3103 ire
822 3033 960 3104 recuses.²

198 3128 273 3189 Utne
296 3141 392 3210 tegam
415 3149 524 3210 spurco
547 3129 654 3188 Damae
677 3126 773 3188 latus?
798 3128 873 3189 haud
896 3128 936 3188 ita
959 3128 1064 3189 Troiae

196 3213 241 3273 Me
264 3216 350 3293 gessi,
375 3226 490 3276 certans
512 3231 629 3292 semper
651 3212 832 3274 melioribus.
873 3205 967 3291 ‘Ergo

196 3298 313 3378 Pauper
335 3292 408 3362 eris?
449 3300 567 3360 Fortem
591 3300 648 3359 hoc
670 3299 800 3358 animum
823 3298 951 3359 tolerare
974 3297 1079 3360 iubebo

198 3383 234 3444 Et
257 3387 405 3462 quondam
429 3386 538 3447 maiora
561 3385 631 3456 tuli;
654 3393 685 3444 tu
709 3383 852 3463 protinus,
878 3383 957 3444 unde

196 3469 313 3531 Divitias
335 3472 470 3550 aerisque
492 3488 583 3543 ruam,
607 3470 654 3530 dic
677 3488 779 3547 augur,
803 3486 932 3529 acervos.

110 3617 312 3630 ¹·———-—

195 3737 216 3785 V
238 3756 262 3789 υ.
288 3743 302 3791 t
321 3740 416 3789 intecta
434 3738 468 3790 sit
486 3742 518 3790 ei.
537 3739 577 3790 Ms
604 3741 607 3804 Ι
633 3741 663 3790 21
692 3739 752 3790 tulit
779 3738 818 3789 ed.
839 3738 1036 3802 Vitatur-gensis
1061 3753 1085 3787 a.
1111 3729 1146 3786 159

108 3806 316 3872 (Praediooua'uq
343 3810 390 3870 qui
416 3809 510 3859 maiora
529 3809 595 3860 tulit.
624 3809 657 3858 At
673 3813 795 3872 protenus
818 3828 823 3866 ;
853 3806 995 3857 Horlraliur
1020 3804 1091 3855 anal.
1113 3799 1146 3850 dd

106 3887 132 3936 ρ.
163 3876 210 3926 126
223 3881 270 3939 sq.)
303 3877 306 3936 Ι
337 3876 369 3925 22
396 3874 476 3942 mam]
496 3901 528 3920 =
548 3877 641 3926 Haurit*
667 3876 704 3925 ad
728 3875 825 3939 Reisig.
853 3875 914 3926 adn.
944 3874 1007 3927 319:
1034 3885 1114 3924 eruam
1134 3867 1146 3929 (¹

108 3946 202 3992 struam
222 3944 258 3996 Io.
279 3945 413 3996 Schrader
432 3947 529 3994 observ.
544 3961 573 4008 p.
593 3947 624 3996 tt
637 3960 693 4008 sqq.
