<?xml version="1.0" encoding="UTF-8"?>
<!DOCTYPE html PUBLIC "-//W3C//DTD XHTML 1.0 Transitional//EN"
    "http://www.w3.org/TR/xhtml1/DTD/xhtml1-transitional.dtd">
<html xmlns="http://www.w3.org/1999/xhtml" xml:lang="en" lang="en">
 <head>
  <title>
</title>
<meta http-equiv="Content-Type" content="text/html;charset=utf-8" />
  <meta name='ocr-system' content='tesseract 3.04.00' />
  <meta name='ocr-capabilities' content='ocr_page ocr_carea ocr_par ocr_line ocrx_word'/>
</head>
<body>
  <div class='ocr_page' id='page_1' title='image "./qhoratiiflaccic00hertgoog_0056.png"; bbox 0 0 2474 4440; ppageno 0'>
   <div class='ocr_carea' id='block_1_1' title="bbox 377 232 705 290">
    <p class='ocr_par' dir='ltr' id='par_1_1' title="bbox 377 232 705 290">
     <span class='ocr_line' id='line_1_1' title="bbox 377 232 705 290; baseline 0.018 -6"><span class='ocrx_word' id='word_1_1' title='bbox 377 232 548 285; x_wconf 77' lang='lat' dir='ltr'><strong>CARMINUM</strong></span> <span class='ocrx_word' id='word_1_2' title='bbox 567 233 586 285; x_wconf 98' lang='lat' dir='ltr'><strong>ll</strong></span> <span class='ocrx_word' id='word_1_3' title='bbox 606 238 645 289; x_wconf 86' lang='lat'><strong>13.</strong></span> <span class='ocrx_word' id='word_1_4' title='bbox 667 239 705 290; x_wconf 77' lang='lat' dir='ltr'><strong>ll.</strong></span> 
     </span>
    </p>
   </div>
   <div class='ocr_carea' id='block_1_2' title="bbox 130 405 768 736">
    <p class='ocr_par' dir='ltr' id='par_1_2' title="bbox 130 405 768 736">
     <span class='ocr_line' id='line_1_2' title="bbox 130 405 768 486; baseline 0.005 -22"><span class='ocrx_word' id='word_1_5' title='bbox 130 405 223 476; x_wconf 83' lang='lat' dir='ltr'><strong>Quam</strong></span> <span class='ocrx_word' id='word_1_6' title='bbox 241 421 335 482; x_wconf 87' lang='lat' dir='ltr'><strong>paene</strong></span> <span class='ocrx_word' id='word_1_7' title='bbox 350 405 450 465; x_wconf 87' lang='lat' dir='ltr'><strong>lurvae</strong></span> <span class='ocrx_word' id='word_1_8' title='bbox 465 423 557 483; x_wconf 82' lang='lat' dir='ltr'><strong>regna</strong></span> <span class='ocrx_word' id='word_1_9' title='bbox 574 406 768 486; x_wconf 84' lang='lat' dir='ltr'><strong>Proserpinae</strong></span> 
     </span>
     <span class='ocr_line' id='line_1_3' title="bbox 130 488 641 552; baseline 0.002 -3"><span class='ocrx_word' id='word_1_10' title='bbox 130 489 167 550; x_wconf 88' lang='lat' dir='ltr'><strong>Et</strong></span> <span class='ocrx_word' id='word_1_11' title='bbox 182 488 360 550; x_wconf 87' lang='lat' dir='ltr'><strong>iudicantem</strong></span> <span class='ocrx_word' id='word_1_12' title='bbox 375 489 499 550; x_wconf 85' lang='lat' dir='ltr'><strong>vidimus</strong></span> <span class='ocrx_word' id='word_1_13' title='bbox 515 489 641 552; x_wconf 79' lang='lat' dir='ltr'><strong>Aeacum</strong></span> 
     </span>
     <span class='ocr_line' id='line_1_4' title="bbox 175 573 673 653; baseline 0 -18"><span class='ocrx_word' id='word_1_14' title='bbox 175 574 325 650; x_wconf 89' lang='lat' dir='ltr'><strong>Sedesque</strong></span> <span class='ocrx_word' id='word_1_15' title='bbox 341 573 496 653; x_wconf 90' lang='lat' dir='ltr'><strong>discriptas</strong></span> <span class='ocrx_word' id='word_1_16' title='bbox 512 575 629 653; x_wconf 90' lang='lat' dir='ltr'><strong>piorum</strong></span> <span class='ocrx_word' id='word_1_17' title='bbox 644 585 673 635; x_wconf 88' lang='lat' dir='ltr'><strong>et</strong></span> 
     </span>
     <span class='ocr_line' id='line_1_5' title="bbox 228 656 649 736; baseline 0.007 -19"><span class='ocrx_word' id='word_1_18' title='bbox 228 656 336 718; x_wconf 79' lang='lat' dir='ltr'><strong>Aeoliis</strong></span> <span class='ocrx_word' id='word_1_19' title='bbox 351 657 457 719; x_wconf 81' lang='lat' dir='ltr'><strong>fidibus</strong></span> <span class='ocrx_word' id='word_1_20' title='bbox 474 670 649 736; x_wconf 81' lang='lat' dir='ltr'><strong>querentem</strong></span> 
     </span>
    </p>
   </div>
   <div class='ocr_carea' id='block_1_3' title="bbox 129 775 694 1107">
    <p class='ocr_par' dir='ltr' id='par_1_3' title="bbox 132 775 632 856">
     <span class='ocr_line' id='line_1_6' title="bbox 132 775 632 856; baseline 0.002 -20"><span class='ocrx_word' id='word_1_21' title='bbox 132 776 251 856; x_wconf 83' lang='lat' dir='ltr'>Sappho</span> <span class='ocrx_word' id='word_1_22' title='bbox 268 775 373 854; x_wconf 86' lang='lat' dir='ltr'><strong>puellis</strong></span> <span class='ocrx_word' id='word_1_23' title='bbox 389 776 424 836; x_wconf 92' lang='lat' dir='ltr'><strong>de</strong></span> <span class='ocrx_word' id='word_1_24' title='bbox 440 777 632 855; x_wconf 89' lang='lat' dir='ltr'><strong>popularibus</strong></span> 
     </span>
    </p>

    <p class='ocr_par' dir='ltr' id='par_1_4' title="bbox 129 860 627 939">
     <span class='ocr_line' id='line_1_7' title="bbox 129 860 627 939; baseline 0.002 -19"><span class='ocrx_word' id='word_1_25' title='bbox 129 860 166 920; x_wconf 89' lang='lat' dir='ltr'><strong>Et</strong></span> <span class='ocrx_word' id='word_1_26' title='bbox 181 871 209 920; x_wconf 92' lang='lat' dir='ltr'><strong>te</strong></span> <span class='ocrx_word' id='word_1_27' title='bbox 225 868 379 920; x_wconf 88' lang='lat' dir='ltr'><strong>sonantem</strong></span> <span class='ocrx_word' id='word_1_28' title='bbox 395 861 512 939; x_wconf 83' lang='lat' dir='ltr'><strong>plenius</strong></span> <span class='ocrx_word' id='word_1_29' title='bbox 528 880 627 934; x_wconf 88' lang='lat' dir='ltr'><strong>aureo,</strong></span> 
     </span>
    </p>

    <p class='ocr_par' dir='ltr' id='par_1_5' title="bbox 175 945 694 1107">
     <span class='ocr_line' id='line_1_8' title="bbox 175 945 616 1023; baseline 0.002 -18"><span class='ocrx_word' id='word_1_30' title='bbox 175 945 289 1013; x_wconf 79' lang='lat' dir='ltr'><strong>Alcaee,</strong></span> <span class='ocrx_word' id='word_1_31' title='bbox 306 945 420 1023; x_wconf 91' lang='lat' dir='ltr'><strong>plectro</strong></span> <span class='ocrx_word' id='word_1_32' title='bbox 437 945 508 1005; x_wconf 88' lang='lat' dir='ltr'><strong>dura</strong></span> <span class='ocrx_word' id='word_1_33' title='bbox 527 946 616 1016; x_wconf 88' lang='lat' dir='ltr'><strong>navis,</strong></span> 
     </span>
     <span class='ocr_line' id='line_1_9' title="bbox 227 1029 694 1107; baseline 0.002 -19"><span class='ocrx_word' id='word_1_34' title='bbox 227 1029 305 1089; x_wconf 84' lang='lat' dir='ltr'><strong>[lura</strong></span> <span class='ocrx_word' id='word_1_35' title='bbox 321 1031 407 1107; x_wconf 84' lang='lat' dir='ltr'><strong>lugac</strong></span> <span class='ocrx_word' id='word_1_36' title='bbox 423 1032 506 1099; x_wconf 86' lang='lat' dir='ltr'><strong>mala,</strong></span> <span class='ocrx_word' id='word_1_37' title='bbox 523 1031 595 1091; x_wconf 92' lang='lat' dir='ltr'><strong>dura</strong></span> <span class='ocrx_word' id='word_1_38' title='bbox 611 1030 694 1092; x_wconf 90' lang='lat' dir='ltr'><strong>bellil</strong></span> 
     </span>
    </p>
   </div>
   <div class='ocr_carea' id='block_1_4' title="bbox 130 1146 787 1480">
    <p class='ocr_par' dir='ltr' id='par_1_6' title="bbox 130 1146 787 1480">
     <span class='ocr_line' id='line_1_10' title="bbox 130 1146 628 1226; baseline 0.004 -20"><span class='ocrx_word' id='word_1_39' title='bbox 130 1146 294 1225; x_wconf 91' lang='lat' dir='ltr'><strong>Utrumque</strong></span> <span class='ocrx_word' id='word_1_40' title='bbox 309 1165 392 1207; x_wconf 88' lang='lat' dir='ltr'><strong>sacro</strong></span> <span class='ocrx_word' id='word_1_41' title='bbox 408 1148 496 1226; x_wconf 82' lang='lat' dir='ltr'><strong>digna</strong></span> <span class='ocrx_word' id='word_1_42' title='bbox 511 1148 628 1208; x_wconf 90' lang='lat' dir='ltr'><strong>silentio</strong></span> 
     </span>
     <span class='ocr_line' id='line_1_11' title="bbox 130 1231 710 1311; baseline 0.003 -19"><span class='ocrx_word' id='word_1_43' title='bbox 130 1231 276 1292; x_wconf 77' lang='lat' dir='ltr'><strong>Mirantur</strong></span> <span class='ocrx_word' id='word_1_44' title='bbox 290 1231 412 1292; x_wconf 85' lang='lat' dir='ltr'><strong>umbrae</strong></span> <span class='ocrx_word' id='word_1_45' title='bbox 429 1232 536 1304; x_wconf 88' lang='lat' dir='ltr'><strong>dicere,</strong></span> <span class='ocrx_word' id='word_1_46' title='bbox 552 1233 602 1294; x_wconf 87' lang='lat' dir='ltr'><strong>sed</strong></span> <span class='ocrx_word' id='word_1_47' title='bbox 618 1233 710 1311; x_wconf 83' lang='lat' dir='ltr'><strong>magis</strong></span> 
     </span>
     <span class='ocr_line' id='line_1_12' title="bbox 176 1317 628 1396; baseline 0.007 -21"><span class='ocrx_word' id='word_1_48' title='bbox 176 1317 294 1395; x_wconf 85' lang='lat' dir='ltr'><strong>Pugnas</strong></span> <span class='ocrx_word' id='word_1_49' title='bbox 309 1325 338 1376; x_wconf 93' lang='lat' dir='ltr'><strong>et</strong></span> <span class='ocrx_word' id='word_1_50' title='bbox 353 1326 470 1378; x_wconf 85' lang='lat' dir='ltr'><strong>exactos</strong></span> <span class='ocrx_word' id='word_1_51' title='bbox 487 1328 628 1396; x_wconf 80' lang='lat' dir='ltr'><strong>tyrannos</strong></span> 
     </span>
     <span class='ocr_line' id='line_1_13' title="bbox 229 1400 787 1480; baseline 0.002 -20"><span class='ocrx_word' id='word_1_52' title='bbox 229 1400 360 1461; x_wconf 83' lang='lat' dir='ltr'><strong>Densum</strong></span> <span class='ocrx_word' id='word_1_53' title='bbox 376 1402 486 1461; x_wconf 91' lang='lat' dir='ltr'><strong>umeris</strong></span> <span class='ocrx_word' id='word_1_54' title='bbox 501 1401 575 1463; x_wconf 92' lang='lat' dir='ltr'><strong>bibit</strong></span> <span class='ocrx_word' id='word_1_55' title='bbox 589 1420 659 1462; x_wconf 90' lang='lat' dir='ltr'><strong>aure</strong></span> <span class='ocrx_word' id='word_1_56' title='bbox 674 1401 787 1480; x_wconf 82' lang='lat' dir='ltr'><strong>volgus.</strong></span> 
     </span>
    </p>
   </div>
   <div class='ocr_carea' id='block_1_5' title="bbox 130 1517 812 1851">
    <p class='ocr_par' dir='ltr' id='par_1_7' title="bbox 130 1517 812 1851">
     <span class='ocr_line' id='line_1_14' title="bbox 130 1517 812 1598; baseline 0.001 -20"><span class='ocrx_word' id='word_1_57' title='bbox 130 1517 206 1588; x_wconf 82' lang='lat' dir='ltr'><strong>Quid</strong></span> <span class='ocrx_word' id='word_1_58' title='bbox 222 1520 340 1592; x_wconf 91' lang='lat' dir='ltr'><strong>mirum,</strong></span> <span class='ocrx_word' id='word_1_59' title='bbox 357 1519 407 1579; x_wconf 94' lang='lat' dir='ltr'><strong>ubi</strong></span> <span class='ocrx_word' id='word_1_60' title='bbox 423 1519 480 1579; x_wconf 93' lang='lat' dir='ltr'><strong>illis</strong></span> <span class='ocrx_word' id='word_1_61' title='bbox 496 1518 675 1579; x_wconf 81' lang='lat' dir='ltr'><strong>carminibus</strong></span> <span class='ocrx_word' id='word_1_62' title='bbox 689 1528 812 1598; x_wconf 88' lang='lat' dir='ltr'><strong>stupens</strong></span> 
     </span>
     <span class='ocr_line' id='line_1_15' title="bbox 130 1602 622 1681; baseline 0.004 -19"><span class='ocrx_word' id='word_1_63' title='bbox 130 1602 262 1664; x_wconf 79' lang='lat' dir='ltr'><strong>llemittit</strong></span> <span class='ocrx_word' id='word_1_64' title='bbox 278 1613 356 1664; x_wconf 89' lang='lat' dir='ltr'><strong>atras</strong></span> <span class='ocrx_word' id='word_1_65' title='bbox 370 1602 457 1663; x_wconf 94' lang='lat' dir='ltr'><strong>belua</strong></span> <span class='ocrx_word' id='word_1_66' title='bbox 473 1603 622 1681; x_wconf 87' lang='lat' dir='ltr'><strong>centiceps</strong></span> 
     </span>
     <span class='ocr_line' id='line_1_16' title="bbox 175 1683 554 1766; baseline 0.003 -19"><span class='ocrx_word' id='word_1_67' title='bbox 175 1689 263 1749; x_wconf 81' lang='lat' dir='ltr'><strong>duris</strong></span> <span class='ocrx_word' id='word_1_68' title='bbox 279 1698 309 1749; x_wconf 93' lang='lat' dir='ltr'><strong>et</strong></span> <span class='ocrx_word' id='word_1_69' title='bbox 323 1689 425 1749; x_wconf 89' lang='lat' dir='ltr'><strong>intorti</strong></span> <span class='ocrx_word' id='word_1_70' title='bbox 442 1683 554 1766; x_wconf 82' lang='lat' dir='ltr'><strong>capillis</strong></span> 
     </span>
     <span class='ocr_line' id='line_1_17' title="bbox 229 1769 766 1851; baseline -0.002 -18"><span class='ocrx_word' id='word_1_71' title='bbox 229 1772 427 1834; x_wconf 85' lang='lat' dir='ltr'><strong>Eumenidum</strong></span> <span class='ocrx_word' id='word_1_72' title='bbox 444 1782 618 1833; x_wconf 89' lang='lat' dir='ltr'><strong>recreantur</strong></span> <span class='ocrx_word' id='word_1_73' title='bbox 633 1769 766 1851; x_wconf 81' lang='lat' dir='ltr'><strong>angues?</strong></span> 
     </span>
    </p>
   </div>
   <div class='ocr_carea' id='block_1_6' title="bbox 131 1888 764 2222">
    <p class='ocr_par' dir='ltr' id='par_1_8' title="bbox 131 1888 764 2222">
     <span class='ocr_line' id='line_1_18' title="bbox 131 1888 764 1969; baseline 0 -19"><span class='ocrx_word' id='word_1_74' title='bbox 131 1888 207 1959; x_wconf 84' lang='lat' dir='ltr'><strong>Quin</strong></span> <span class='ocrx_word' id='word_1_75' title='bbox 227 1900 256 1950; x_wconf 87' lang='lat' dir='ltr'><strong>et</strong></span> <span class='ocrx_word' id='word_1_76' title='bbox 270 1891 465 1952; x_wconf 87' lang='lat' dir='ltr'><strong>Prometheus</strong></span> <span class='ocrx_word' id='word_1_77' title='bbox 481 1901 510 1950; x_wconf 86' lang='lat' dir='ltr'><strong>et</strong></span> <span class='ocrx_word' id='word_1_78' title='bbox 526 1890 640 1969; x_wconf 93' lang='lat' dir='ltr'><strong>Pelopis</strong></span> <span class='ocrx_word' id='word_1_79' title='bbox 656 1907 764 1969; x_wconf 90' lang='lat' dir='ltr'><strong>parens</strong></span> 
     </span>
     <span class='ocr_line' id='line_1_19' title="bbox 131 1973 613 2054; baseline 0.004 -22"><span class='ocrx_word' id='word_1_80' title='bbox 131 1973 215 2035; x_wconf 84' lang='lat' dir='ltr'><strong>Dulci</strong></span> <span class='ocrx_word' id='word_1_81' title='bbox 232 1974 362 2036; x_wconf 90' lang='lat' dir='ltr'><strong>laborem</strong></span> <span class='ocrx_word' id='word_1_82' title='bbox 378 1975 524 2054; x_wconf 86' lang='lat' dir='ltr'><strong>decipitur</strong></span> <span class='ocrx_word' id='word_1_83' title='bbox 539 1994 613 2035; x_wconf 92' lang='lat' dir='ltr'><strong>sono</strong></span> 
     </span>
     <span class='ocr_line' id='line_1_20' title="bbox 176 2059 565 2121; baseline 0 -2"><span class='ocrx_word' id='word_1_84' title='bbox 176 2059 238 2121; x_wconf 91' lang='lat' dir='ltr'><strong>Nec</strong></span> <span class='ocrx_word' id='word_1_85' title='bbox 254 2069 338 2120; x_wconf 88' lang='lat' dir='ltr'><strong>curat</strong></span> <span class='ocrx_word' id='word_1_86' title='bbox 354 2059 445 2120; x_wconf 87' lang='lat' dir='ltr'><strong>Orion</strong></span> <span class='ocrx_word' id='word_1_87' title='bbox 462 2060 565 2120; x_wconf 89' lang='lat' dir='ltr'><strong>leones</strong></span> 
     </span>
     <span class='ocr_line' id='line_1_21' title="bbox 229 2143 666 2222; baseline -0.005 -17"><span class='ocrx_word' id='word_1_88' title='bbox 229 2147 287 2205; x_wconf 85' lang='lat' dir='ltr'><strong>Aut</strong></span> <span class='ocrx_word' id='word_1_89' title='bbox 299 2145 417 2206; x_wconf 92' lang='lat' dir='ltr'><strong>timidos</strong></span> <span class='ocrx_word' id='word_1_90' title='bbox 432 2144 541 2222; x_wconf 85' lang='lat' dir='ltr'><strong>agitare</strong></span> <span class='ocrx_word' id='word_1_91' title='bbox 556 2143 666 2222; x_wconf 83' lang='lat' dir='ltr'><strong>lyncas.</strong></span> 
     </span>
    </p>
   </div>
   <div class='ocr_carea' id='block_1_7' title="bbox 508 2412 570 2472">
    <p class='ocr_par' dir='ltr' id='par_1_9' title="bbox 508 2412 570 2472">
     <span class='ocr_line' id='line_1_22' title="bbox 508 2412 570 2472; baseline -0.065 1"><span class='ocrx_word' id='word_1_92' title='bbox 508 2412 570 2472; x_wconf 87' lang='lat' dir='ltr'><strong>lllV</strong></span> 
     </span>
    </p>
   </div>
   <div class='ocr_carea' id='block_1_8' title="bbox 131 2531 697 2862">
    <p class='ocr_par' dir='ltr' id='par_1_10' title="bbox 131 2531 697 2778">
     <span class='ocr_line' id='line_1_23' title="bbox 131 2531 687 2610; baseline 0 -19"><span class='ocrx_word' id='word_1_93' title='bbox 131 2531 214 2592; x_wconf 82' lang='lat' dir='ltr'><strong>Eheu</strong></span> <span class='ocrx_word' id='word_1_94' title='bbox 231 2532 358 2610; x_wconf 80' lang='lat' dir='ltr'><strong>fugaces,</strong></span> <span class='ocrx_word' id='word_1_95' title='bbox 375 2532 523 2604; x_wconf 82' lang='lat' dir='ltr'><strong>Postume,</strong></span> <span class='ocrx_word' id='word_1_96' title='bbox 540 2531 687 2604; x_wconf 88' lang='lat' dir='ltr'><strong>Postume,</strong></span> 
     </span>
     <span class='ocr_line' id='line_1_24' title="bbox 131 2616 697 2695; baseline 0 -20"><span class='ocrx_word' id='word_1_97' title='bbox 131 2616 286 2677; x_wconf 89' lang='lat' dir='ltr'><strong>Labuntur</strong></span> <span class='ocrx_word' id='word_1_98' title='bbox 300 2617 370 2677; x_wconf 90' lang='lat' dir='ltr'><strong>anni</strong></span> <span class='ocrx_word' id='word_1_99' title='bbox 388 2635 444 2678; x_wconf 89' lang='lat' dir='ltr'><strong>nec</strong></span> <span class='ocrx_word' id='word_1_100' title='bbox 459 2616 551 2695; x_wconf 91' lang='lat' dir='ltr'><strong>pietas</strong></span> <span class='ocrx_word' id='word_1_101' title='bbox 566 2633 677 2676; x_wconf 89' lang='lat' dir='ltr'><strong>moram</strong></span> <span class='ocrx_word' id='word_1_102' title='bbox 694 2662 697 2667; x_wconf 87' lang='lat'><em>.</em></span> 
     </span>
     <span class='ocr_line' id='line_1_25' title="bbox 176 2701 646 2778; baseline 0.004 -17"><span class='ocrx_word' id='word_1_103' title='bbox 176 2701 268 2778; x_wconf 82' lang='lat' dir='ltr'><strong>Rugis</strong></span> <span class='ocrx_word' id='word_1_104' title='bbox 284 2709 313 2761; x_wconf 90' lang='lat' dir='ltr'><strong>et</strong></span> <span class='ocrx_word' id='word_1_105' title='bbox 328 2701 449 2762; x_wconf 89' lang='lat' dir='ltr'><strong>instanti</strong></span> <span class='ocrx_word' id='word_1_106' title='bbox 466 2709 602 2761; x_wconf 88' lang='lat' dir='ltr'><strong>senectae</strong></span> <span class='ocrx_word' id='word_1_107' title='bbox 642 2755 646 2763; x_wconf 92' lang='lat'>.</span> 
     </span>
    </p>

    <p class='ocr_par' dir='ltr' id='par_1_11' title="bbox 228 2785 693 2862">
     <span class='ocr_line' id='line_1_26' title="bbox 228 2785 693 2862; baseline -0.004 -16"><span class='ocrx_word' id='word_1_108' title='bbox 228 2786 348 2846; x_wconf 79' lang='lat' dir='ltr'><strong>ddleret</strong></span> <span class='ocrx_word' id='word_1_109' title='bbox 362 2786 579 2862; x_wconf 87' lang='lat' dir='ltr'><strong>indomitaeque</strong></span> <span class='ocrx_word' id='word_1_110' title='bbox 596 2785 693 2859; x_wconf 90' lang='lat' dir='ltr'><strong>morti,</strong></span> 
     </span>
    </p>
   </div>
   <div class='ocr_carea' id='block_1_9' title="bbox 131 2903 736 3237">
    <p class='ocr_par' dir='ltr' id='par_1_12' title="bbox 131 2903 736 3237">
     <span class='ocr_line' id='line_1_27' title="bbox 131 2903 736 2982; baseline 0.002 -19"><span class='ocrx_word' id='word_1_111' title='bbox 131 2903 208 2976; x_wconf 85' lang='lat' dir='ltr'><strong>Non,</strong></span> <span class='ocrx_word' id='word_1_112' title='bbox 223 2905 248 2965; x_wconf 88' lang='lat' dir='ltr'><strong>si</strong></span> <span class='ocrx_word' id='word_1_113' title='bbox 263 2903 400 2976; x_wconf 82' lang='lat' dir='ltr'><strong>trecenis,</strong></span> <span class='ocrx_word' id='word_1_114' title='bbox 416 2912 563 2982; x_wconf 88' lang='lat' dir='ltr'><strong>quotquot</strong></span> <span class='ocrx_word' id='word_1_115' title='bbox 578 2913 650 2964; x_wconf 92' lang='lat' dir='ltr'><strong>eunt</strong></span> <span class='ocrx_word' id='word_1_116' title='bbox 665 2903 736 2977; x_wconf 81' lang='lat' dir='ltr'><strong>dies,</strong></span> 
     </span>
     <span class='ocr_line' id='line_1_28' title="bbox 131 2987 612 3067; baseline 0 -21"><span class='ocrx_word' id='word_1_117' title='bbox 131 2988 241 3061; x_wconf 81' lang='lat' dir='ltr'><strong>dmice,</strong></span> <span class='ocrx_word' id='word_1_118' title='bbox 259 2988 356 3067; x_wconf 88' lang='lat' dir='ltr'><strong>places</strong></span> <span class='ocrx_word' id='word_1_119' title='bbox 372 2987 612 3048; x_wconf 88' lang='lat' dir='ltr'><strong>inlacrimabilem</strong></span> 
     </span>
     <span class='ocr_line' id='line_1_29' title="bbox 177 3072 692 3151; baseline -0.002 -19"><span class='ocrx_word' id='word_1_120' title='bbox 177 3072 304 3133; x_wconf 89' lang='lat' dir='ltr'><strong>Plutona</strong></span> <span class='ocrx_word' id='word_1_121' title='bbox 320 3073 421 3145; x_wconf 90' lang='lat' dir='ltr'><strong>tauris,</strong></span> <span class='ocrx_word' id='word_1_122' title='bbox 437 3072 487 3151; x_wconf 93' lang='lat' dir='ltr'><strong>qui</strong></span> <span class='ocrx_word' id='word_1_123' title='bbox 502 3082 548 3133; x_wconf 91' lang='lat' dir='ltr'><strong>ter</strong></span> <span class='ocrx_word' id='word_1_124' title='bbox 564 3072 692 3150; x_wconf 90' lang='lat' dir='ltr'><strong>amplum</strong></span> 
     </span>
     <span class='ocr_line' id='line_1_30' title="bbox 229 3157 659 3237; baseline -0.002 -20"><span class='ocrx_word' id='word_1_125' title='bbox 229 3157 385 3237; x_wconf 82' lang='lat' dir='ltr'><strong>Geryonen</strong></span> <span class='ocrx_word' id='word_1_126' title='bbox 403 3158 569 3236; x_wconf 80' lang='lat' dir='ltr'><strong>Tityonque</strong></span> <span class='ocrx_word' id='word_1_127' title='bbox 584 3157 659 3217; x_wconf 91' lang='lat' dir='ltr'><strong>tristi</strong></span> 
     </span>
    </p>
   </div>
   <div class='ocr_carea' id='block_1_10' title="bbox 132 3272 740 3608">
    <p class='ocr_par' dir='ltr' id='par_1_13' title="bbox 132 3272 740 3608">
     <span class='ocr_line' id='line_1_31' title="bbox 133 3272 692 3353; baseline 0.002 -21"><span class='ocrx_word' id='word_1_128' title='bbox 133 3272 300 3353; x_wconf 88' lang='lat' dir='ltr'><strong>Composcit</strong></span> <span class='ocrx_word' id='word_1_129' title='bbox 314 3275 402 3349; x_wconf 91' lang='lat' dir='ltr'><strong>unda,</strong></span> <span class='ocrx_word' id='word_1_130' title='bbox 419 3275 529 3335; x_wconf 88' lang='lat' dir='ltr'><strong>scilicet</strong></span> <span class='ocrx_word' id='word_1_131' title='bbox 545 3275 692 3346; x_wconf 92' lang='lat' dir='ltr'><strong>omnibus,</strong></span> 
     </span>
     <span class='ocr_line' id='line_1_32' title="bbox 132 3357 740 3438; baseline -0.003 -19"><span class='ocrx_word' id='word_1_132' title='bbox 132 3357 320 3438; x_wconf 82' lang='lat' dir='ltr'><strong>Quicumque</strong></span> <span class='ocrx_word' id='word_1_133' title='bbox 336 3370 431 3421; x_wconf 89' lang='lat' dir='ltr'><strong>terrae</strong></span> <span class='ocrx_word' id='word_1_134' title='bbox 446 3377 571 3419; x_wconf 89' lang='lat' dir='ltr'><strong>munere</strong></span> <span class='ocrx_word' id='word_1_135' title='bbox 586 3359 740 3431; x_wconf 90' lang='lat' dir='ltr'><strong>vescimur,</strong></span> 
     </span>
     <span class='ocr_line' id='line_1_33' title="bbox 178 3443 551 3524; baseline 0 -21"><span class='ocrx_word' id='word_1_136' title='bbox 178 3443 375 3524; x_wconf 84' lang='lat' dir='ltr'><strong>Enaviganda,</strong></span> <span class='ocrx_word' id='word_1_137' title='bbox 391 3444 449 3506; x_wconf 90' lang='lat' dir='ltr'><strong>sive</strong></span> <span class='ocrx_word' id='word_1_138' title='bbox 465 3462 551 3522; x_wconf 84' lang='lat' dir='ltr'><strong>reges</strong></span> 
     </span>
     <span class='ocr_line' id='line_1_34' title="bbox 228 3527 717 3608; baseline -0.006 -19"><span class='ocrx_word' id='word_1_139' title='bbox 228 3529 294 3590; x_wconf 90' lang='lat' dir='ltr'><strong>Sive</strong></span> <span class='ocrx_word' id='word_1_140' title='bbox 309 3529 413 3608; x_wconf 91' lang='lat' dir='ltr'><strong>inopes</strong></span> <span class='ocrx_word' id='word_1_141' title='bbox 429 3529 537 3589; x_wconf 91' lang='lat' dir='ltr'><strong>erimus</strong></span> <span class='ocrx_word' id='word_1_142' title='bbox 553 3527 660 3587; x_wconf 93' lang='lat' dir='ltr'><strong>coloni.</strong></span> <span class='ocrx_word' id='word_1_143' title='bbox 678 3562 717 3570; x_wconf 93' lang='lat'><em>-</em></span> 
     </span>
    </p>
   </div>
   <div class='ocr_carea' id='block_1_11' title="bbox 85 3661 206 3671">
    <p class='ocr_par' dir='ltr' id='par_1_14' title="bbox 85 3661 206 3671">
     <span class='ocr_line' id='line_1_35' title="bbox 85 3661 206 3671; baseline 0.017 -5"><span class='ocrx_word' id='word_1_144' title='bbox 85 3661 206 3671; x_wconf 59' lang='lat'><strong>———</strong></span> 
     </span>
    </p>
   </div>
   <div class='ocr_carea' id='block_1_12' title="bbox 89 3775 1073 3844">
    <p class='ocr_par' dir='ltr' id='par_1_15' title="bbox 89 3775 1073 3844">
     <span class='ocr_line' id='line_1_36' title="bbox 89 3775 1073 3844; baseline 0.002 -19"><span class='ocrx_word' id='word_1_145' title='bbox 89 3775 141 3828; x_wconf 89' lang='lat' dir='ltr'><strong>lllll</strong></span> <span class='ocrx_word' id='word_1_146' title='bbox 159 3795 181 3830; x_wconf 88' lang='lat' dir='ltr'><strong>v.</strong></span> <span class='ocrx_word' id='word_1_147' title='bbox 203 3780 234 3830; x_wconf 82' lang='lat'><strong>23</strong></span> <span class='ocrx_word' id='word_1_148' title='bbox 253 3778 395 3844; x_wconf 88' lang='lat' dir='ltr'><strong>discriptas]</strong></span> <span class='ocrx_word' id='word_1_149' title='bbox 414 3802 446 3821; x_wconf 96' lang='lat'>=</span> <span class='ocrx_word' id='word_1_150' title='bbox 464 3779 496 3829; x_wconf 84' lang='lat' dir='ltr'><strong>F.</strong></span> <span class='ocrx_word' id='word_1_151' title='bbox 506 3779 636 3829; x_wconf 74' lang='lat' dir='ltr'><strong>Beiobelcr</strong></span> <span class='ocrx_word' id='word_1_152' title='bbox 652 3793 719 3830; x_wconf 81' lang='lat' dir='ltr'><strong>mus.</strong></span> <span class='ocrx_word' id='word_1_153' title='bbox 737 3777 803 3841; x_wconf 81' lang='lat' dir='ltr'><strong>phil.</strong></span> <span class='ocrx_word' id='word_1_154' title='bbox 826 3782 865 3842; x_wconf 80' lang='lat'><strong>13,</strong></span> <span class='ocrx_word' id='word_1_155' title='bbox 883 3778 987 3839; x_wconf 56' lang='lat' dir='ltr'><strong>dudm,</strong></span> <span class='ocrx_word' id='word_1_156' title='bbox 1011 3778 1073 3827; x_wconf 80' lang='lat'>644:</span> 
     </span>
    </p>
   </div>
   <div class='ocr_carea' id='block_1_13' title="bbox 85 3844 1073 3975">
    <p class='ocr_par' dir='ltr' id='par_1_16' title="bbox 85 3844 1073 3975">
     <span class='ocr_line' id='line_1_37' title="bbox 89 3844 1073 3975; baseline -0.002 -81"><span class='ocrx_word' id='word_1_157' title='bbox 89 3848 144 3975; x_wconf 80' lang='lat' dir='ltr'><strong>ptos</strong></span> <span class='ocrx_word' id='word_1_158' title='bbox 163 3853 188 3898; x_wconf 83' lang='lat' dir='ltr'><strong>et</strong></span> <span class='ocrx_word' id='word_1_159' title='bbox 206 3846 329 3899; x_wconf 86' lang='lat' dir='ltr'><strong>discretas</strong></span> <span class='ocrx_word' id='word_1_160' title='bbox 344 3846 348 3914; x_wconf 88' lang='grc' dir='ltr'>Ι</span> <span class='ocrx_word' id='word_1_161' title='bbox 365 3848 396 3900; x_wconf 82' lang='grc'><strong>28</strong></span> <span class='ocrx_word' id='word_1_162' title='bbox 415 3846 499 3912; x_wconf 79' lang='lat' dir='ltr'><strong>fugae,</strong></span> <span class='ocrx_word' id='word_1_163' title='bbox 519 3845 582 3897; x_wconf 83' lang='lat' dir='ltr'><strong>mala</strong></span> <span class='ocrx_word' id='word_1_164' title='bbox 602 3846 662 3898; x_wconf 88' lang='lat' dir='ltr'><strong>dura</strong></span> <span class='ocrx_word' id='word_1_165' title='bbox 682 3847 786 3915; x_wconf 65' lang='grc'><strong>(11.138</strong></span> <span class='ocrx_word' id='word_1_166' title='bbox 804 3848 919 3899; x_wconf 86' lang='lat' dir='ltr'><strong>laborum</strong></span> <span class='ocrx_word' id='word_1_167' title='bbox 935 3844 988 3911; x_wconf 82' lang='grc'><strong>140</strong></span> <span class='ocrx_word' id='word_1_168' title='bbox 1007 3844 1073 3894; x_wconf 90' lang='lat' dir='ltr'><strong>timi-</strong></span> 
     </span>
     <span class='ocr_line' id='line_1_38' title="bbox 85 3929 92 3960; baseline 0 0"><span class='ocrx_word' id='word_1_169' title='bbox 85 3929 92 3960; x_wconf 70' lang='lat' dir='ltr'><strong>i</strong></span> 
     </span>
    </p>
   </div>
   <div class='ocr_carea' id='block_1_14' title="bbox 0 0 1246 4440">
    <p class='ocr_par' dir='ltr' id='par_1_17' title="bbox 0 0 1246 4440">
     <span class='ocr_line' id='line_1_39' title="bbox 0 0 1246 4440; baseline 0 0"><span class='ocrx_word' id='word_1_170' title='bbox 0 0 1246 4440; x_wconf 95' lang='lat' dir='ltr'><strong> </strong></span> 
     </span>
    </p>
   </div>
  </div>
 </body>
</html>
