2474 4440
390 110 563 164 carnutum
581 112 590 165 l
609 116 649 166 31.
668 116 708 168 38.

143 284 195 344 Vix
211 303 272 344 una
287 302 390 364 sospes
406 284 486 344 navis
502 284 537 344 ab
554 285 682 362 ignibus,

144 369 335 447 Mentemque
351 369 528 448 lymphatam
544 369 701 431 Mareotico

188 453 313 532 Redegit
328 454 357 513 in
375 471 460 514 veros
474 455 596 513 timores

242 537 357 611 Caesar,
373 538 502 600 abitalia
517 539 663 599 volantem

146 657 245 717 Remis
261 657 419 735 adurgens,
435 657 575 736 accipiter
590 657 668 717 velut

147 740 241 802 Mollis
257 741 408 802 columbas
424 751 474 802 aut
489 742 621 820 leporem
639 743 715 803 citus

192 825 323 886 Venator
338 827 368 886 in
386 827 498 905 campis
514 826 615 887 nivalis

241 911 432 984 Haemoniae,
449 911 531 971 daret
546 920 579 970 ut
594 911 707 971 catenis

145 1028 241 1091 Fatale
257 1039 439 1090 monstrum:
457 1047 531 1107 quae
546 1029 720 1107 generosius

146 1114 246 1175 Perire
263 1133 409 1192 quaerens
425 1133 480 1174 nec
495 1113 679 1174 muliebriter

190 1199 314 1279 Expavit
329 1217 430 1260 ensem
447 1217 502 1258 nec
517 1199 635 1259 latentis

242 1284 340 1345 Classe
355 1284 411 1343 cita
428 1284 572 1361 reparavit
587 1302 663 1357 oras,

146 1403 220 1463 Ausa
237 1409 266 1462 et
281 1402 425 1462 iacentem
440 1401 535 1462 risere
549 1401 658 1479 regiam

147 1485 233 1547 Voltu
248 1504 366 1559 sereno,
383 1486 467 1546 sortis
483 1494 512 1546 et
527 1504 645 1564 asperas

190 1570 328 1631 Tractare
344 1579 509 1649 serpentes,
523 1580 557 1630 ut
571 1580 669 1630 atrum

242 1655 374 1735 Corpore
390 1655 563 1715 conbiberet
577 1673 734 1728 venenum,

148 1773 311 1834 Deliberata
327 1783 422 1834 morte
437 1774 581 1846 leroci0r3

148 1859 242 1920 Saevis
258 1858 398 1919 Liburnis
413 1857 525 1919 scilicet
539 1857 674 1918 invidens

191 1943 305 2003 Privata
321 1943 427 2003 deduci
443 1943 571 2023 superbo

241 2029 308 2088 Non
324 2027 444 2088 humilis
459 2028 565 2088 mulier
580 2028 753 2106 triumpho,

480 2280 625 2341 xxxvssl

148 2397 281 2460 Persicos
296 2398 354 2472 odi,
370 2418 455 2477 puer,
471 2399 637 2478 adparatus,

150 2482 311 2563 Displicent
326 2502 420 2544 nexae
436 2484 549 2564 philyra
565 2501 710 2556 coronae;

150 2567 229 2628 Mitte
245 2568 361 2641 sectari,
379 2587 445 2629 rosa
461 2587 520 2647 quo
536 2568 669 2629 locorum

222 2652 295 2712 Sera
310 2662 452 2714 moretur.

149 2768 279 2850 Simplici
294 2779 390 2850 myrto
407 2770 479 2832 nibil
493 2771 645 2832 adlabores

149 2853 283 2929 Sedulus,
298 2872 387 2916 curo:
403 2874 500 2934 neque
515 2865 544 2916 te
560 2857 728 2917 ministrum

149 2937 274 3000 Dedecet
290 2950 403 3020 myrtus
418 2958 517 3019 neque
531 2959 578 3001 me
593 2941 648 3002 sub
662 2949 723 3000 arta

193 3024 258 3085 Vite
274 3024 434 3086 bibentem.

95 3148 219 3168 N—

113 3267 217 3325 llllllVll
234 3291 258 3327 υ.
278 3277 310 3327 25
329 3281 455 3327 tacentem
474 3278 508 3338 to)
526 3275 611 3326 Bontl.

113 3335 227 3393 llllllVlll
244 3359 269 3393 v.
289 3345 304 3395 6
323 3358 381 3394 cura
400 3342 486 3394 Bonll.
