2474 4440
480 240 652 294 cnumuuu
669 242 700 294 lll
718 245 758 296 24.

207 413 271 474 Dos
294 420 338 472 est
360 430 465 492 magna
488 414 655 491 parentium

258 496 358 558 Virtus
380 506 410 557 et
431 506 568 558 metuens
589 497 709 560 alterius
731 499 784 559 viri
861 569 864 574 ,

207 582 298 643 Certo
321 582 439 642 loedere
462 582 588 653 castitas,

258 665 296 726 Et
318 683 441 745 peccare
466 668 547 727 celas
569 675 620 726 aut
640 668 768 746 pretium
793 679 836 731 est
859 674 945 734 mori.
967 710 1008 721 -

210 751 235 812 Ο
262 751 395 828 quisquis
416 751 494 811 volet
516 752 619 830 impias

259 835 369 897 Caedes
391 844 421 896 et
442 835 555 896 rabiem
578 834 681 897 tollere
705 839 835 913 civicam,

210 920 242 981 Si
266 928 388 998 quaeret
407 911 517 999 ‘pater'
544 921 663 981 urbium

259 1004 412 1065 Subscribi
435 1005 548 1077 statuis,
571 1006 742 1067 indomitam
764 1009 869 1069 audeat

211 1089 376 1150 Refrenare
399 1089 557 1160 licentiam,

260 1173 361 1234 Clarus
384 1175 568 1254 postgenitis,
592 1185 737 1252 quatenus
760 1210 773 1221 -
796 1177 853 1237 heu
877 1179 974 1239 uelasl
998 1213 1012 1224 ·

212 1257 358 1318 Virtutem
382 1259 561 1318 incolumem
585 1259 708 1332 odimus,

259 1342 409 1402 Sublatam
431 1362 466 1403 er
489 1343 583 1403 oculis
606 1345 772 1421 quaerimus
795 1347 893 1407 invidi.
915 1380 956 1392 —

214 1426 293 1496 Quid
316 1427 415 1488 tristes
438 1427 649 1504 querimoniae,

260 1510 291 1571 Si
314 1530 375 1572 non
399 1513 545 1591 supplicio
568 1512 654 1590 culpa
677 1515 825 1588 reciditur,

214 1595 292 1665 Quid
315 1595 395 1673 leges
417 1598 481 1657 sine
504 1596 635 1658 moribus

261 1679 358 1740 Vanae
380 1681 550 1759 proliciunt,
573 1681 597 1741 si
621 1699 717 1759 neque
741 1683 857 1743 fervidis

212 1763 287 1824 Pars
309 1764 422 1825 inclusa
445 1765 592 1826 caloribus

261 1848 363 1909 Mundi
388 1868 443 1910 nec
466 1849 577 1910 Boreae
599 1849 756 1910 finitimum
779 1852 853 1913 latus

214 1933 401 2012 Durataeque
424 1935 487 1995 solo
511 1934 591 1995 uires

260 2017 454 2079 Mercatorem
476 2017 608 2098 abigunt,
632 2019 749 2078 horrida
772 2021 867 2081 callidi

215 2101 348 2162 Vincunt
371 2121 498 2181 aequora
522 2100 656 2163 navitae?
679 2136 719 2145 —

261 2186 400 2266 Magnum
423 2188 580 2267 pauperies
603 2188 795 2266 opprobrium
819 2190 902 2251 iubet

214 2271 336 2341 Quidvis
358 2281 387 2333 et
409 2273 507 2333 lacere
530 2282 559 2332 et
581 2273 640 2351 pati

263 2356 442 2436 Virtutisque
465 2357 538 2417 viam
561 2357 669 2418 deserit
691 2358 808 2419 arduae.

215 2440 268 2501 Vel
292 2459 346 2502 nos
368 2441 400 2502 in
424 2441 609 2521 Capitolium,

262 2524 328 2595 Quo
352 2527 461 2587 clamor
483 2535 566 2587 vocat
589 2535 618 2587 et
639 2526 727 2586 turba
750 2529 918 2602 faventium,

218 2609 268 2669 Vel
292 2628 347 2671 nos
370 2611 401 2670 in
425 2629 505 2671 mare
526 2612 693 2690 proximum

264 2693 400 2756 Gemmas
422 2707 451 2756 et
473 2695 584 2774 lapides
606 2715 711 2756 aurum
734 2706 762 2756 et
784 2697 897 2770 inutile,

216 2778 331 2839 Summi
353 2780 504 2841 materiem
527 2781 604 2855 mali,

262 2863 420 2937 Mittamus,
443 2865 587 2925 scelernm
610 2867 634 2926 si
658 2865 734 2926 bene
757 2866 896 2944 paenitet.

215 2947 370 3008 Eradenda
392 2949 539 3027 cupidinis

263 3032 347 3092 Pravi
369 3043 438 3094 sunl
461 3034 605 3094 elementa
629 3043 658 3094 et
680 3043 800 3094 tenerae
824 3034 909 3094 nimis

215 3116 330 3178 Mentes
352 3118 550 3198 asperioribus

262 3201 446 3273 Formandae
469 3202 581 3264 studiis.
626 3203 727 3263 Nescit
749 3221 826 3280 equo
849 3203 929 3263 rudis

215 3286 345 3346 Haerere
367 3287 516 3367 ingenuus
538 3305 613 3366 puer

263 3371 430 3450 Venarique
452 3373 546 3445 timet,
569 3372 670 3432 ludere
693 3371 818 3442 doctior,

216 3455 276 3516 Seu
299 3455 410 3517 Graeco
434 3457 534 3518 iubeas
556 3456 659 3517 trocho

263 3539 321 3601 Seu
344 3541 427 3602 malis
448 3542 534 3603 vetita
557 3541 671 3620 legibus
694 3541 764 3613 alea,

97 3672 290 3684 ᾗ

175 3769 251 3822 xxlv
269 3789 294 3826 u.
315 3775 346 3824 27
364 3775 465 3840 quaerit
482 3778 516 3838 (u)
532 3774 536 3841 Ι
552 3779 582 3824 in
600 3791 623 3826 υ.
644 3777 674 3825 27
694 3779 720 3823 et
731 3775 833 3826 33-44
846 3773 1044 3836 distinguendis
1056 3779 1163 3824 secutur

98 3851 150 3886 eum
166 3838 216 3888 ΑΚ
225 3839 229 3905 Ι
245 3842 277 3892 39
297 3840 357 3906 polo
370 3842 397 3892 S.
417 3843 613 3909 Wyngaarden
638 3847 689 3892 act.
707 3858 760 3892 soc.
777 3840 859 3891 Rben.
880 3839 994 3892 Traiect.
1013 3841 1022 3890 l
1043 3843 1135 3906 197sq.
1154 3840 1158 3904 Ι

101 3906 129 3954 tl
145 3903 256 3959 deterere
274 3909 381 3973 Bentll
415 3911 447 3961 54
464 3910 520 3962 rudi
538 3911 597 3961 Η.
614 3910 779 3962 Cornelissen
797 3909 922 3959 Mnemon
942 3925 967 3960 n.
986 3925 1006 3960 s.
1028 3912 1067 3973 16,
1086 3912 1135 3963 311
