2474 4440
606 245 780 298 mutim!
797 246 829 299 tu
845 249 888 298 Ξῖ.

336 418 394 478 Sed
418 417 507 479 rides.
530 429 641 494 quanto
664 418 790 496 trepidet
811 418 940 478 tumultu

337 501 454 561 Pronus
476 499 595 560 Orion?
616 521 672 580 ego
695 504 765 580 quid
788 504 827 563 sit
846 513 910 563 ater

338 585 463 646 Hadriae
487 587 554 645 nori
575 587 660 646 sinus
682 599 712 646 et
734 587 803 665 quid
825 586 911 648 albus

416 670 521 730 Peceet
543 670 641 749 iapyx.

338 788 475 850 Hostium
497 807 605 848 uxores
626 789 772 866 puerique
793 807 898 850 neone

337 875 474 934 Sentiant
496 884 595 932 motus
616 873 741 934 orientis
763 875 862 933 Austri
883 883 913 934 et

339 959 483 1036 Aequoris
506 958 582 1034 nigri
605 959 754 1017 fremitum
776 968 807 1018 et
828 959 984 1020 trementis

416 1042 546 1102 l'erbere
570 1043 659 1120 ripas.
680 1075 723 1084 —

340 1161 388 1220 Sic
412 1172 441 1220 et
464 1160 584 1239 Europe
607 1161 724 1219 niveum
747 1159 850 1220 doloso

339 1245 469 1305 Credidit
491 1256 576 1304 tauro
599 1245 675 1304 latus
697 1254 726 1304 et
747 1254 908 1305 scatentem

339 1328 438 1390 Beluis
460 1340 585 1408 pontum
609 1329 777 1407 mediasque
799 1329 917 1390 fraudes

416 1414 522 1474 Palluit
544 1415 653 1488 audax;

339 1532 442 1610 Nuper
463 1533 494 1592 in
517 1533 609 1610 pratis
631 1531 761 1592 studiosa
784 1531 890 1590 dorum
912 1524 941 1591 et

339 1616 461 1677 Debitae
483 1617 626 1696 Nymphis
649 1614 748 1695 opifex
770 1634 898 1676 coronae

340 1702 433 1762 Nocte
455 1701 595 1762 sublustri
620 1700 693 1759 nihil
716 1710 793 1760 astra
816 1711 932 1780 praeter

417 1785 495 1846 Vidit
517 1796 546 1846 et
568 1787 671 1846 undas.

341 1904 422 1974 Quae
445 1903 532 1964 simul
554 1914 674 1963 centum
698 1904 793 1982 tetigit
815 1913 966 1981 potentem

341 1988 465 2067 Oppidis
487 1987 606 2060 Creten,
625 1981 731 2066 ‘pater‚
755 2007 773 2047 o
796 1988 931 2049 relictum

341 2073 430 2133 Filiae
455 2091 563 2133 nomen
588 2066 748 2151 pietasque'
774 2073 845 2132 dixit

415 2150 511 2218 ‘Victa
533 2157 650 2217 lurorel

344 2275 427 2336 Unde
450 2295 509 2354 quo
533 2272 621 2334 reni?
643 2275 714 2335 levis
737 2293 796 2336 una
819 2293 898 2335 mors
920 2283 965 2335 est

342 2359 495 2438 Virginem
520 2360 633 2439 eulpae.
679 2358 848 2438 Vigilansne
871 2359 955 2438 ploro

342 2444 441 2523 Turpe
465 2445 647 2505 conmissum
669 2463 705 2505 an
729 2444 805 2505 vitiis
827 2453 977 2504 carentem

421 2528 508 2588 Ludit
530 2529 625 2607 imago

344 2645 431 2718 Vana,
455 2664 541 2724 quam
565 2656 649 2726 porta
672 2646 789 2723 fugiens
813 2645 925 2706 eburna

342 2731 497 2791 Somnium
520 2728 623 2792 ducit?
646 2731 792 2790 meliusne
814 2732 921 2790 lluetus

343 2815 389 2876 lre
412 2834 466 2894 per
488 2815 594 2895 longos
616 2816 671 2875 luit
693 2833 730 2874 an
755 2816 883 2875 recentis

421 2900 547 2978 Carpere
571 2897 681 2960 llores?

270 3027 299 3077 45
344 3017 442 3095 Siquis
466 3018 604 3077 infamem
627 3018 696 3077 mihi
720 3036 802 3077 nuno
825 3017 980 3077 iuvencum

343 3102 435 3162 Dedat
458 3102 557 3175 iratae,
581 3103 710 3161 lacerare
733 3103 811 3162 lerro
835 3110 864 3160 et
992 3096 995 3101 ’

342 3184 491 3265 Frangere
515 3187 610 3247 enitar
633 3187 719 3246 modo
742 3186 868 3246 multum
890 3185 977 3245 amati

420 3270 536 3332 Cornua
560 3271 693 3330 monstri.

345 3386 504 3465 {mpudens
527 3389 599 3467 liqui
623 3389 734 3466 patrios
756 3388 883 3460 Penatis,

270 3482 299 3530 50
343 3471 503 3565 lmpurlens
526 3474 637 3534 Orcum
660 3491 768 3532 moror.
814 3473 837 3532 0
862 3471 985 3532 deorum

345 3556 443 3634 Siquis
465 3557 536 3618 haec
559 3558 652 3626 audis,
675 3558 788 3618 utinam
811 3558 888 3617 inter
912 3574 1008 3615 errem

419 3642 501 3702 Nuda
524 3641 639 3702 leonesl

216 3810 419 3819 ---—.--—--

303 3907 391 3959 llllVll
412 3925 434 3959 υ.
455 3911 485 3961 38
506 3909 599 3975 culpa!
620 3913 650 3960 ll
671 3911 757 3974 quarn]
776 3908 918 3960 Sonodon:
937 3910 1023 3976 quael
1039 3911 1071 3962 48
1090 3905 1152 3959 tauri
