2474 4440
486 230 658 284 CARbllNUM
675 232 705 284 lll
724 238 746 286 5.

202 404 233 464 Si
258 422 317 465 non
342 403 453 482 periret
475 403 681 464 inmiserabilis

203 487 321 567 Captiva
344 487 449 566 pubes.
491 481 596 566 ‘Signa
620 506 674 566 ego
698 488 817 549 Punicis

250 573 349 633 Adfixa
373 572 503 633 delubris
525 583 554 632 et
575 589 654 631 arma

300 656 441 718 Militibus
463 657 528 718 sine
552 647 654 717 caede’
681 657 753 717 dixit

198 769 339 853 ‘Derepta
363 775 429 847 vidi,
452 774 508 834 vidi
532 793 586 852 ego
609 775 714 835 civium

203 859 326 920 Retorta
349 868 433 937 tergo
456 859 591 919 bracchia
615 858 710 919 libero

252 945 416 1021 Portasque
441 963 501 1003 non
525 945 636 1004 clausas
659 953 689 1003 et
710 961 777 1003 arva

304 1029 396 1090 Marte
419 1028 475 1088 coli
499 1028 639 1107 populata
663 1036 775 1088 nostro.

205 1148 285 1206 ituro
309 1165 454 1225 repensus
475 1146 588 1207 scilicet
609 1146 706 1205 aerior

204 1231 289 1292 Miles
311 1231 426 1292 redibit.
470 1231 593 1309 Flagitio
616 1230 720 1290 additis

252 1316 413 1390 Damnum;
438 1333 535 1394 neque
558 1314 679 1375 amissos
701 1315 817 1377 colores

302 1401 381 1461 Lana
404 1401 496 1461 relert
519 1399 659 1460 medicata
682 1401 760 1473 luco,

203 1519 264 1578 Nec
287 1537 353 1578 vera
374 1519 476 1591 virtus,
499 1536 565 1578 cum
589 1519 681 1578 semel
702 1519 817 1592 excidit,

203 1603 293 1664 Curat
314 1603 419 1682 reponi
442 1600 647 1663 deterioribus.

251 1687 281 1748 Si
304 1697 417 1767 pugnat
438 1687 576 1747 extricata
600 1687 699 1747 densis

301 1773 390 1832 Cerva
413 1772 518 1850 plagis,
541 1772 598 1831 erit
620 1772 668 1832 ille
691 1772 785 1844 loreis,

207 1889 262 1959 Qui
287 1890 406 1969 perfidis
428 1909 460 1950 se
483 1889 607 1950 credidit
627 1889 770 1963 hostibus,

206 1974 244 2033 Et
266 1974 357 2035 Marte
380 1974 497 2035 Poenos
520 1982 652 2053 proteret
674 1975 777 2048 altero,

253 2058 308 2128 Qui
333 2060 395 2119 lora
417 2059 559 2121 restrictis
582 2060 699 2120 lacertis

301 2143 403 2210 Sensit
426 2145 505 2205 iners
527 2144 681 2222 timuitque
704 2154 839 2205 mortem.

205 2261 269 2335 Hic,
295 2262 372 2322 unde
395 2263 483 2322 vitam
505 2274 635 2323 sumeret
658 2263 777 2336 inscius,

206 2347 310 2407 Pacem
333 2346 430 2408 duello
455 2345 596 2408 miscuit?
620 2367 637 2407 o
660 2349 769 2426 pudorl

197 2505 201 2515 Ι
254 2432 277 2493 0
303 2450 407 2509 magna
430 2432 583 2508 Carthago,
607 2432 760 2509 probrosis

303 2517 397 2576 Altior
418 2517 517 2577 ltaliae
540 2507 665 2577 ruinisl'

205 2633 311 2693 Fertor
334 2635 457 2713 pudicae
481 2635 616 2713 coniugis
638 2636 772 2696 osculum

208 2719 374 2796 Parvosque
397 2729 483 2780 natos
506 2730 538 2779 ut
560 2720 663 2798 capitis
686 2721 783 2780 minor

252 2803 295 2862 Ab
313 2822 351 2863 'se
374 2805 533 2864 removisse
557 2815 586 2864 et
610 2805 718 2865 virilem

303 2888 417 2949 Torvus
440 2889 520 2949 humi
543 2891 676 2968 posuisse
699 2890 817 2961 voltum,

207 3004 308 3066 Donec
330 3007 455 3067 labantis
478 3007 601 3068 consilio
624 3017 723 3087 patres

206 3089 350 3151 Firmaret
372 3102 474 3152 auctor
497 3111 657 3170 numquam
680 3092 750 3152 alias
772 3094 839 3152 dato

253 3173 394 3254 lnterque
417 3179 575 3237 maerentis
597 3179 706 3237 amicos

305 3260 449 3339 Egregius
471 3272 646 3340 properaret
668 3263 744 3321 exrrl.

206 3378 293 3454 Atqui
315 3379 427 3439 sciebat
448 3398 523 3456 quae
546 3380 601 3440 sibi
626 3380 766 3440 barbarus

206 3460 313 3522 Tortor
336 3472 467 3541 pararet:
492 3482 553 3523 non
577 3464 661 3524 aliter
682 3474 781 3524 tamen

252 3546 378 3607 Dirnovit
401 3547 544 3609 obstantis
566 3551 751 3626 propinquos

304 3631 341 3692 Et
363 3634 505 3712 populum
530 3634 641 3693 reditus
663 3643 828 3694 morantem

97 3723 279 3742 κ

175 3760 192 3808 V
209 3781 230 3816 o.
253 3769 280 3817 ll
300 3766 396 3832 perires
414 3765 603 3817 Lacbmonmec
621 3767 657 3815 nd
674 3767 752 3818 Lacr.
770 3766 779 3816 1
800 3769 828 3818 ll
849 3765 960 3831 perirent
979 3765 1127 3816 Glareanus
1146 3764 1150 3832 Ι

106 3822 130 3871 n
146 3823 248 3897 llerepto]
267 3836 314 3897 tol:
340 3833 438 3900 direpta
461 3833 465 3900 Ι
487 3836 519 3886 23
539 3834 623 3885 clusas
640 3833 680 3883 Ba
693 3837 728 3898 (o)
750 3836 754 3898 Ι
775 3837 805 3887 3Ἱ
826 3834 910 3899 aptius
928 3837 962 3897 (o)
980 3833 1070 3884 anxius
1088 3834 1153 3884 Joni

106 3888 139 3947 (⁰-
152 3891 272 3951 Krcuesler
291 3904 342 3954 obs.
362 3905 421 3953 crit.
441 3917 492 3954 soc.
511 3901 571 3952 Lat.
589 3902 661 3968 Lips.
680 3920 705 3953 a.
726 3906 789 3955 1839
806 3919 832 3968 p.
853 3904 877 3964 1)
893 3904 897 3966 Ι
914 3904 943 3952 51
964 3903 1059 3951 amicos
1077 3903 1113 3965 (o)
