2474 4440
447 242 637 295 SATIRARUM
655 245 673 296 ll
693 248 716 298 6.
1053 249 1114 308 175

118 415 276 495 Numquid
299 414 336 475 de
358 415 443 475 Dacis
465 410 607 477 audistil'
651 409 709 476 ‘Nil
733 409 888 496 equidem?
930 412 982 481 ‘Ut
1003 431 1033 483 tu

117 501 252 580 Semper
275 500 333 561 eris
356 497 486 561 derisor?
531 495 581 560 ‘At
604 521 707 562 omnes
729 503 757 562 di
781 505 928 583 exagitent
949 524 1006 578 me,

118 587 157 648 Si
181 580 359 665 quicquam?
402 578 513 656 ‘Ouidi
536 586 676 648 militibus
699 589 843 666 promissa
866 589 1019 667 Triquetra
1085 605 1117 654 tt

116 672 249 733 Praedia
273 671 380 732 Caesar
402 689 437 731 au
463 680 507 732 est
528 671 599 732 ltala
622 672 726 732 tellure
750 671 908 734 daturusl'

115 755 277 818 lurantem
300 775 347 816 me
369 756 444 817 scire
468 757 540 816 nihil
563 757 719 831 mirantur,
744 768 775 819 ut
798 778 891 820 unum

117 842 246 903 Scilicet
269 841 378 920 egregii
401 841 554 902 mortalem
578 842 687 921 altique
710 844 817 904 silenti.

119 928 265 988 Perditur
286 927 359 987 haec
382 926 588 988 intermisero
611 928 660 987 lux
683 948 744 988 non
768 929 832 989 sine
854 930 944 990 votis:

111 1007 162 1073 ‘0
185 1031 247 1084 rus,
271 1011 389 1090 quando
410 1030 465 1089 ego
488 1021 517 1071 te
540 1012 707 1091 adspiciam,
732 1013 909 1092 quandoque
931 1015 1033 1077 licebit
1086 1030 1116 1078 61)

117 1097 213 1158 Nunc
235 1106 365 1157 veterum
390 1096 481 1167 libris,
506 1115 586 1157 nnnc
609 1117 714 1159 somno
737 1107 765 1159 et
788 1099 932 1161 inertibus
953 1102 1035 1162 horis

119 1182 241 1243 Ducere
264 1181 405 1243 sollicitae
427 1182 556 1242 iucunda
579 1182 683 1243 oblivia
705 1178 816 1244 vitaei'

112 1260 162 1328 ‘0
186 1266 305 1345 quando
329 1267 393 1326 laha
417 1266 600 1347 Pythagorae
622 1277 744 1346 cognata
767 1269 913 1347 simulque

124 1352 221 1412 Uncta
245 1352 314 1413 satis
336 1351 440 1432 pingui
463 1361 614 1432 ponentur
636 1352 789 1414 holuscula
812 1349 931 1414 lardol'

126 1436 152 1497 0
175 1447 280 1498 noctes
302 1455 453 1515 cenaeque
476 1437 573 1510 deum,
597 1437 704 1514 quibus
726 1439 789 1516 ipse
811 1439 928 1516 meique
1085 1454 1115 1503 tt

125 1522 203 1581 Ante
226 1522 332 1582 Larem
355 1523 509 1601 proprium
533 1541 636 1582 vescor
657 1541 821 1600 vernasque
843 1525 976 1601 procacis

126 1607 219 1668 Pasco
242 1607 339 1668 libatis
361 1607 499 1686 dapibus!
523 1616 613 1686 prout
635 1607 741 1685 cuique
764 1607 853 1668 libido
877 1618 929 1679 est,

131 1692 226 1753 Siccat
247 1692 408 1771 inaequalis
430 1693 536 1753 calices
559 1692 678 1751 conviva
701 1692 814 1753 solutus

132 1776 257 1855 Legibus
279 1777 402 1847 insanis,
425 1797 476 1838 seu
500 1777 566 1855 quis
588 1777 665 1854 capit
686 1777 762 1836 acria
787 1778 870 1839 fortis

131 1862 237 1922 Pocula
259 1881 311 1923 seu
334 1862 457 1923 modicis
480 1863 591 1922 uvescit
613 1861 723 1922 laetius.
767 1861 846 1941 Ergo
1087 1877 1116 1926 to

131 1947 231 2008 Sermo
256 1948 358 2020 oritur,
383 1967 442 2007 non
467 1948 503 2007 de
524 1947 598 2007 villis
620 1946 790 2007 domibusve
813 1948 915 2009 alienis

132 2032 189 2093 Nec
212 2033 288 2093 male
312 2051 407 2092 necne
429 2032 526 2111 Lepos
549 2033 643 2101 saltet,
666 2032 727 2104 sed,
751 2032 828 2110 quod
850 2033 942 2111 magis
964 2034 999 2094 ad
1023 2055 1080 2096 nos

132 2117 263 2178 Pertinet
285 2126 314 2178 et
331 2118 451 2178 'nescire
475 2117 582 2178 malum
606 2125 659 2190 est,
678 2118 834 2196 agitamus,
857 2128 996 2180 utrumne

133 2202 240 2263 Divitiis
262 2202 399 2263 homiues
421 2221 457 2261 an
482 2203 541 2262 sint
562 2203 669 2264 virtute
692 2204 777 2277 beati,

131 2287 239 2356 Quidve
258 2287 297 2371 ‚ad
321 2288 472 2359 amicitiae,
496 2307 567 2348 usus
589 2298 753 2362 rectumne,
775 2290 871 2350 trahat
894 2309 956 2364 nos,
1088 2301 1116 2352 rt
1221 2314 1222 2317 ¹

130 2371 165 2432 Et
188 2391 262 2451 quae
285 2372 323 2434 sit
345 2383 447 2433 natura
472 2372 543 2433 boni
567 2391 774 2453 summumque
797 2375 867 2453 quid
890 2376 961 2437 eius.
987 2410 1029 2420 -

131 2456 249 2519 Cervius
270 2459 344 2518 haec
366 2458 443 2518 inter
464 2459 579 2518 vicinus
601 2459 693 2536 garrit
715 2459 800 2520 anilis
819 2476 822 2481 ·

131 2541 227 2603 Erre
250 2542 378 2603 fabellas.
424 2544 522 2620 Siquis
546 2562 612 2603 nam
636 2543 731 2603 laudat
755 2544 845 2603 Arelli

131 2627 273 2689 Sollicitas
295 2629 415 2707 ignarus
439 2647 519 2706 opes,
543 2629 584 2688 sic
608 2628 724 2706 incipit:
745 2620 835 2687 ‘Olim

130 2711 267 2774 Rusticus
288 2713 436 2773 urbanum
458 2732 570 2774 murem
595 2731 660 2773 murs
683 2730 812 2791 paupere
835 2714 929 2772 fertur
1088 2724 1117 2775 811

130 2798 285 2878 Accepisse
308 2817 388 2870 cavo,
410 2807 537 2859 veterem
562 2807 643 2858 vetus
665 2798 773 2875 hospes
797 2798 933 2870 amicum,

130 2884 222 2963 Asper
245 2892 274 2944 et
296 2893 425 2943 attentus
448 2883 595 2961 quaesitis,
619 2892 651 2942 ut
673 2892 770 2943 tamen
794 2893 888 2943 artum

131 2968 263 3029 Solveret
283 2968 419 3047 hospitiis
440 2969 581 3029 animum.
626 2967 702 3038 Quid
727 2966 838 3027 multa?
862 2985 958 3044 neque
982 2967 1030 3028 ille

131 3053 257 3133 Sepositi
280 3054 383 3114 ciceris
408 3073 463 3113 nec
485 3054 592 3132 longae
615 3053 718 3113 invidit
740 3071 858 3126 avenae,
1019 3059 1020 3066 ’

130 3138 249 3199 Aridum
273 3146 302 3199 et
325 3158 376 3198 ore
399 3139 497 3200 ferens
518 3140 635 3199 acinum
660 3157 831 3217 semesaque
854 3137 926 3198 lardi
1088 3146 1118 3198 85

131 3221 233 3284 Frusta
256 3223 345 3295 dedit,
368 3223 491 3301 cupiens
514 3224 590 3284 varia
614 3224 724 3284 fastidia
749 3242 821 3285 cena

131 3307 254 3369 Vincere
276 3310 425 3387 tangentis
448 3308 522 3368 male
545 3310 659 3386 singula
682 3311 771 3369 dente
793 3309 932 3389 superbo,

133 3391 201 3454 Cum
225 3401 311 3472 pater
332 3395 394 3472 ipse
417 3394 522 3454 domus
544 3393 627 3472 palea
650 3404 806 3471 porrectus
829 3395 858 3454 in
882 3395 976 3454 horna

81 3499 248 3521 κὴ...

81 3647 84 3656 ‚
134 3591 163 3644 Vl
179 3611 203 3644 u.
222 3597 254 3647 51
275 3594 378 3644 miratur
396 3595 430 3659 (o)
450 3597 454 3661 1
476 3596 507 3646 58
527 3594 657 3659 egregium
675 3595 710 3658 (o)
729 3594 758 3645 M
776 3597 841 3648 1886
859 3595 898 3645 Me
922 3595 926 3662 l
951 3596 983 3647 59
1001 3595 1120 3661 porgitur

81 3659 233 3712 avennacum
260 3678 327 3713 mus.
352 3663 417 3727 phil.
437 3665 461 3726 3,
487 3665 545 3724 615,
573 3662 610 3711 ad
634 3662 714 3713 Later.
733 3661 754 3712 ll
773 3665 821 3716 819
833 3680 901 3728 sqq.;
929 3661 1046 3728 proditur
1068 3663 1118 3714 Fr.

81 3717 147 3792 ’illm
172 3730 294 3795 mergitur
320 3730 473 3795 Madvigius
498 3731 557 3781 ado.
578 3733 638 3781 crit.
655 3729 674 3781 ll
692 3732 733 3793 61,
762 3730 791 3781 G.
811 3730 990 3794 Kruegerus⁸3
1020 3730 1120 3794 deperit

81 3783 150 3846 laun.
162 3813 186 3851 a.
202 3800 275 3862 1869,
293 3798 344 3858 Μες
363 3800 418 3850 alio
435 3803 577 3863 praetereo
597 3815 621 3849 u.
640 3814 682 3864 up.
697 3796 892 3863 Kruegerum¹²
907 3814 932 3863 p.
954 3799 1003 3850 196
1020 3799 1024 3863 Ι
1041 3800 1073 3851 63
1087 3799 1120 3849 si-

81 3857 135 3912 uuhe
154 3865 278 3919 Usenerus
302 3883 369 3920 mus.
394 3868 461 3932 phil.
481 3869 522 3929 24,
541 3868 590 3918 341
603 3884 640 3932 eq.
667 3864 673 3932 Ι
700 3868 730 3917 61
752 3881 808 3916 cum
833 3871 861 3918 ut
883 3866 953 3916 unde
980 3881 1064 3928 :cum,
1092 3870 1121 3916 ut

81 3918 137 3980 loti.
150 3932 155 4000 Ι
170 3937 200 3987 11
220 3936 318 3987 uicinos
