2520 4434
541 241 729 295 SATleRUM
746 243 757 294 l
774 246 799 294 4.

224 417 322 495 Usque
344 415 513 487 laborantis,
537 416 606 475 dum
629 417 739 474 serrum
762 415 873 474 molliat
895 414 980 491 ignis,

223 501 261 562 Ut
283 500 381 574 mavis,
404 500 528 560 imitare.
572 501 679 561 Beatus
701 498 833 560 Fannius
855 499 932 560 ultro

224 586 331 646 Delatis
354 587 448 663 capsis
471 594 500 645 et
522 585 658 663 imagine,
682 603 749 644 cum
772 603 836 645 mea
859 603 946 644 nemo

223 671 338 749 Scripta
360 671 446 749 legat,
469 669 553 747 volgo
576 671 700 730 recitare
722 670 852 730 timentis
875 669 912 730 ob
936 671 1013 730 banc
1036 688 1110 740 rem,

222 756 306 824 Quod
330 766 400 815 sunt
422 774 496 834 quos
518 774 612 833 genus
634 756 690 814 boc
714 755 834 815 minime
858 755 952 828 iuvat,
982 764 1089 835 utpote
1116 757 1212 837 pluris

224 841 340 918 Culpari
362 840 477 918 dignos.
522 840 661 910 Quemvis
684 840 778 899 media
800 840 874 916 elige
896 839 993 912 turba,

223 928 281 985 Aut
303 925 341 986 ob
364 925 511 985 avaritiam
534 934 584 985 aut
607 925 713 985 misera
736 924 896 984 ambitione
918 923 1048 997 laborat;

223 1011 277 1070 Hic
300 1020 458 1088 nuptarum
482 1010 591 1070 insanit
613 1009 772 1082 amoribus,
795 1010 843 1069 hie
865 1028 1028 1088 puerorum
1036 1029 1045 1085 ;

222 1097 310 1155 Hunc
333 1096 411 1173 capit
432 1096 546 1172 argenti
569 1095 718 1173 splendor,
741 1103 840 1173 stupet
862 1094 964 1156 Albius
985 1113 1071 1169 aere;

223 1181 276 1240 Hic
299 1190 393 1240 mutat
416 1180 522 1240 mercis
544 1189 684 1258 surgente
707 1197 723 1239 a
746 1179 808 1239 sole
831 1180 865 1239 ad
889 1198 967 1252 eum,
990 1197 1050 1258 quo

223 1265 396 1344 Vespertina
418 1273 499 1343 tepet
521 1265 612 1342 regio,
637 1265 707 1342 quin
731 1283 785 1343 per
806 1265 881 1324 mala
903 1282 1047 1344 praeceps

224 1351 339 1423 Fertur,
363 1350 404 1409 uti
428 1349 523 1427 pulvis
546 1350 687 1410 collectus
710 1349 839 1419 turbine,
864 1349 973 1427 nequid

223 1436 342 1495 Summa
366 1434 506 1513 deperdat
528 1444 662 1494 metuens
685 1443 735 1494 aut
757 1434 877 1512 ampliet
898 1445 932 1494 ut
953 1452 1033 1494 rem:

225 1521 337 1581 Omnes
358 1520 388 1579 hi
411 1529 548 1580 metuunt
570 1538 680 1591 versus,
704 1519 794 1579 odere
817 1529 929 1598 poetas.

221 1599 366 1665 ‘Faenum
389 1604 476 1664 habet
499 1605 528 1665 in
553 1624 658 1677 cornu,
680 1604 771 1682 longe
794 1606 879 1683 luge:
904 1603 1064 1665 dummodo
1087 1605 1183 1667 risum

153 1699 161 1709 '
225 1689 361 1751 Excutiat
383 1690 443 1762 tibi,
468 1709 528 1750 non
552 1690 600 1749 hic
623 1689 760 1766 cuiquam
784 1699 886 1768 parcet
908 1690 1001 1749 amieo

224 1775 261 1835 Et
284 1776 492 1851 quodcumque
515 1774 606 1835 semel
629 1775 737 1834 chartis
761 1774 905 1842 iniecerit,
930 1775 1028 1835 omnis

225 1861 334 1920 Gestiet
356 1879 371 1919 a
394 1862 482 1920 lurno
506 1860 657 1919 redeuntis
681 1861 757 1920 scire
777 1859 904 1937 lacuque

223 1945 259 2003 Et
249 1955 390 2023 tpueros
413 1953 441 2004 et
464 1962 547 2003 anus.
604 1944 746 2022 Agedum,
769 1963 861 2022 pauca
884 1945 984 2023 accipe
1008 1954 1130 2005 contra:

224 2031 355 2088 Primum
378 2048 432 2107 ego
456 2047 503 2087 me
526 2029 653 2102 illorum,
677 2031 808 2089 dederim
832 2029 939 2108 quibus
961 2048 1025 2090 esse
1048 2041 1165 2109 poetas,

223 2114 386 2191 Excerpam
411 2131 552 2186 numero;
576 2133 673 2192 neque
697 2115 775 2174 enim
799 2114 977 2175 concludere
999 2132 1120 2176 versum

224 2198 337 2258 Dixeris
360 2217 423 2258 esse
445 2198 515 2258 satis
540 2218 646 2277 neque,
669 2200 746 2277 siqui
769 2200 877 2260 scribat
900 2200 942 2260 uti
965 2215 1021 2260 nos

226 2283 361 2342 Sermoni
384 2283 533 2378 propiora,
557 2293 610 2379 put
612 2303 643 2344 es
599 2284 745 2344 thunc
769 2304 833 2346 esse
856 2304 913 2363 poe
915 2294 990 2359 t;arn

225 2368 381 2443 lngenium
404 2367 452 2427 cui
476 2368 522 2440 sit,
546 2369 592 2428 cni
616 2387 700 2454 mens
723 2370 850 2430 divinior
871 2378 958 2448 atque
982 2389 1015 2429 os

224 2453 327 2528 Magna
351 2463 534 2524 sonaturum,
558 2454 609 2513 des
632 2444 760 2515 nominis
783 2454 870 2514 huius
893 2456 1049 2514 bonorem.
1074 2488 1117 2498 —

224 2537 336 2597 Idcirco
361 2539 488 2615 quidam,
512 2539 662 2598 comoedia
687 2558 783 2599 neone
806 2558 911 2617 poema

222 2622 316 2695 Esset,
341 2624 517 2700 quaesivere,
541 2625 621 2701 quod
644 2643 712 2683 acer
734 2624 855 2721 spiritus
878 2643 911 2685 ac
932 2624 974 2684 vis

223 2707 283 2767 Nec
307 2708 401 2768 verbis
425 2727 480 2768 nec
502 2708 592 2768 rebus
614 2709 701 2782 inest,
725 2709 782 2769 nisi
786 2710 884 2811 quod
908 2711 982 2787 pede
1006 2718 1089 2770 certo

224 2793 327 2852 Dillert
349 2794 489 2865 sermoni,
512 2812 610 2853 sermo
634 2813 741 2854 merus
786 2786 838 2852 ‘At
860 2803 910 2872 pat
912 2813 942 2854 er
898 2795 1073 2854 tardens

224 2878 318 2936 Saevit
308 2880 429 2956 t,quod
451 2879 607 2939 meretrice
632 2898 725 2957 nepos
747 2879 871 2939 insanus
894 2879 985 2938 amica

223 2961 314 3022 Filios
335 2981 458 3023 uxorem
480 2964 584 3042 grandi
608 2982 675 3023 curn
699 2965 766 3023 dote
788 2973 920 3036 recuset,

222 3046 331 3107 Ebrius
354 3057 383 3107 et
405 3066 543 3126 magnum
568 3050 646 3125 quod
670 3048 798 3109 dedecus
821 3048 951 3108 ambulet
974 3056 1041 3108 ante

222 3132 346 3192 Noctem
370 3152 437 3193 cum
459 3126 589 3193 lacibus?
636 3133 786 3210 Numquid
809 3133 990 3212 Pomponius
1014 3132 1077 3194 istis

224 3216 345 3277 Audiret
367 3218 483 3292 leviora,
507 3229 591 3297 pater
612 3219 636 3278 si
661 3216 794 3278 viveret?
817 3236 888 3295 ergo

225 3300 290 3360 Non
314 3303 381 3362 satis
404 3314 448 3363 est
469 3304 552 3381 puris
574 3322 690 3363 versum
715 3303 900 3380 perscribere
921 3301 1029 3375 verbis,

137 3392 165 3440 55
227 3384 320 3454 Quem
343 3388 367 3446 si
389 3389 537 3460 dissolvas,
561 3390 655 3465 quivis
678 3390 877 3448 stomachetur
899 3389 1003 3448 eodem

222 3584 256 3635 lV
274 3602 298 3637 o.
318 3591 349 3640 25
369 3602 428 3638 erue
447 3591 473 3635 et
490 3587 559 3652 eripe
584 3587 587 3651 Ι
613 3590 644 3640 26
669 3589 700 3638 ab
719 3589 825 3640 auaritia
844 3591 878 3652 (v)
906 3586 911 3654 Ι
935 3589 1012 3639 miser
1036 3588 1040 3652 Ι
1065 3591 1098 3640 30
1117 3593 1194 3654 patet
1215 3590 1221 3658 1

137 3655 169 3704 33
190 3658 290 3719 poeam
308 3656 462 3718 uenturas
481 3654 537 3717 tibi]
555 3655 714 3720 Rutgerez'ns
733 3657 798 3708 Ven.
817 3657 886 3707 Lect.
906 3673 927 3705 e.
949 3655 1014 3705 XVll
1036 3671 1066 3720 p.
1085 3658 1152 3710 338.
1172 3658 1224 3710 sibi

136 3736 187 3771 non
216 3738 266 3773 non
294 3731 297 3781 Ι
325 3727 355 3775 37
374 3722 492 3788 lacuque,
510 3725 561 3788 al,
585 3729 658 3774 ato.
676 3724 712 3776 M.
732 3726 891 3775 Heatzmann
910 3725 942 3775 do
960 3726 1123 3774 seabslontioa‘
1143 3729 1223 3793 eique

138 3792 263 3839 attributi
288 3809 329 3857 ap.
346 3795 438 3856 poetes
460 3796 509 3842 sat.
529 3792 619 3843 colloc.
638 3793 700 3842 diae
719 3794 805 3843 Bonn.
823 3809 847 3844 a.
869 3795 932 3845 tear
951 3808 976 3855 p.
996 3794 1037 3856 31,
1053 3801 1060 3838 ¹
1083 3793 1138 3858 139
1157 3810 1225 3861 poe·

137 3857 171 3906 tis
196 3859 229 3920 (a)
258 3859 262 3925 Ι
289 3863 473 3923 51,magnum
501 3860 569 3925 quod
596 3859 721 3923 dedecus,
749 3862 793 3926 ol,
819 3866 848 3910 ot
873 3878 897 3911 v.
916 3859 1111 3925 Nipperdeinm
1130 3865 1224 3930 (1857)

137 3940 226 3989 epure.
241 3943 268 3991 p.
288 3931 337 3981 482
353 3929 357 3994 Ι
373 3928 405 3979 52
424 3928 528 3994 numqui
546 3927 582 3995 (v)
