2474 4440
99 213 161 272 196
453 215 683 268 EPISTULARUM
701 216 710 268 l
729 219 753 269 9.
773 219 813 268 10.

618 388 658 449 lX

183 507 351 588 Septimius,
374 505 484 579 Claudi,
508 508 647 568 nimirum
670 508 815 587 intellegit
838 527 924 581 uuus,

184 593 294 666 Quanti
317 611 363 653 me
386 593 488 653 facias:
513 611 581 654 narn
604 612 672 654 cum
694 603 779 672 rogat
801 601 831 653 et
852 611 941 672 prece
964 596 1055 681 cogit,

184 679 303 740 Scilicet
325 687 358 738 ut
379 677 432 738 tibi
455 697 486 738 se
508 677 627 738 laudare
651 688 680 738 et
700 678 817 738 tradere
840 697 941 751 coner,

184 765 312 843 Dignum
334 770 435 823 mente
458 763 606 842 domoque
629 763 753 842 legentis
776 764 899 824 honesta
922 763 1060 838 Neronis,

185 849 308 909 Munere
330 865 399 909 cum
421 849 505 926 fungi
528 847 678 927 propioris
700 858 801 909 censet
823 849 918 921 amici,

184 933 260 1006 Quid
283 933 392 1014 possim
416 933 493 993 videt
515 951 548 993 ac
572 934 653 993 novit
675 951 721 993 me
744 933 854 994 valdius
877 933 951 1013 ips‘o.

184 1020 275 1080 lllulta
298 1017 416 1098 quidem
441 1017 509 1091 dixi,
532 1036 587 1077 cur
609 1028 765 1079 excusatus
787 1018 909 1093 abirem,

185 1104 242 1166 Sed
263 1104 358 1177 timui,
382 1120 445 1163 mea
468 1121 506 1164 ne
529 1103 648 1163 linxisse
670 1103 786 1164 minora
809 1111 939 1182 putarer,

184 1188 389 1251 Dissimulator
411 1187 475 1266 opis
498 1188 646 1268 propriae,
669 1188 740 1248 mihi
763 1188 936 1250 commodus
959 1189 1022 1249 uni.

186 1275 235 1336 Sic
257 1292 322 1353 ego,
345 1273 465 1334 maioris
487 1273 605 1352 lugiens
628 1273 787 1352 opprobria
810 1273 924 1353 culpae,

184 1359 305 1421 Frontis
327 1358 364 1419 ad
386 1358 515 1419 urbanae
539 1358 678 1418 descendi
701 1359 840 1437 praemia.
886 1358 997 1429 Quodsi

184 1444 357 1524 Depositum
379 1443 480 1504 laudas
503 1443 540 1504 ob
563 1443 648 1503 amici
670 1443 747 1504 iussa
771 1445 925 1523 pudorem,

185 1529 289 1591 Scribe
311 1529 354 1589 tui
377 1529 474 1608 gregis
496 1530 577 1589 huuc
600 1538 629 1588 et
650 1528 757 1589 fortem
781 1530 868 1589 erede
889 1528 1072 1606 bonumque.

622 1796 649 1861 X

185 1918 273 1980 Urbis
295 1925 455 1978 amatorem
479 1917 605 1978 Fuscum
629 1917 740 1977 salvere
763 1916 898 1977 iubemus

187 2003 275 2065 Ruris
298 2012 453 2063 amatores.
498 2002 560 2063 llas
583 2002 613 2062 iu
637 2020 669 2063 re
692 2002 803 2062 seilicet
826 2020 885 2062 una

187 2088 311 2149 Multum
334 2086 498 2160 dissimiles,
521 2097 549 2147 at
572 2096 668 2147 cetera
692 2105 786 2165 paene
809 2086 926 2166 gemelli
1082 2161 1084 2165 ¹

184 2172 335 2233 Frateruis
356 2171 461 2232 animis
483 2206 499 2216 -
523 2172 665 2251 quidquid
690 2183 777 2250 negat
799 2172 881 2245 alter,
904 2179 934 2232 et
956 2172 1030 2233 alter
1052 2207 1065 2218 -

184 2256 351 2318 Adnuimus
373 2257 484 2335 pariter
506 2257 596 2317 vetuli
619 2257 742 2336 notique
764 2256 903 2317 columbi.

186 2344 230 2403 Tu
254 2341 357 2403 nidum
379 2360 485 2416 servas,
508 2360 563 2421 ego
586 2342 672 2404 laudo
696 2342 773 2403 ruris
796 2342 913 2402 amoeni

185 2428 273 2489 Rivos
296 2437 325 2488 et
346 2445 448 2488 museo
472 2427 635 2489 circumlita
657 2445 724 2488 saxa
747 2445 921 2504 nemusque.

186 2512 264 2584 Quid
287 2510 425 2591 quaeris?
447 2512 511 2574 vivo
535 2523 565 2574 et
586 2531 690 2592 reguo,
714 2513 802 2573 simul
824 2513 879 2573 ista
901 2512 1019 2591 reliqui,

186 2598 269 2669 Quae
291 2616 342 2659 vos
364 2598 400 2658 ad
422 2598 535 2659 caelum
559 2598 668 2659 effertis
690 2615 810 2658 rumore
834 2597 978 2669 secundo,

185 2682 282 2763 thue
305 2682 465 2744 sacerdotis
486 2684 626 2763 fugitivus
646 2683 704 2743 liba
728 2701 843 2756 recuso,

187 2769 266 2829 Pane
289 2787 361 2848 egeo
385 2768 441 2828 iam
464 2769 582 2829 mellitis
605 2767 720 2847 potiore
743 2767 896 2846 placentis.
919 2800 961 2810 -

185 2853 289 2914 Vivere
313 2862 435 2914 naturae
458 2854 482 2914 si
505 2853 718 2915 convenienter
741 2861 868 2932 oportet,

172 2939 389 3018 ‘Ponendaque
411 2938 498 2999 domo
523 2939 691 3017 quaerenda
714 2947 759 2998 est
781 2957 847 2998 area
869 2937 1010 3016 primum,

185 3024 335 3085 Novistine
357 3023 455 3083 locum
478 3024 624 3102 potiorem
646 3041 716 3084 rure
738 3021 845 3083 beato?

185 3108 238 3169 Est
260 3109 310 3168 ubi
333 3109 399 3188 plus
420 3114 541 3189 tepeant
562 3110 683 3181 hiemes,
706 3107 756 3169 ubi
779 3109 889 3187 gratior
912 3126 983 3167 aura

185 3193 290 3254 Leniat
312 3202 341 3254 et
362 3192 473 3254 rabiem
497 3193 584 3255 Canis
606 3202 636 3255 et
657 3202 807 3254 momenta
829 3193 948 3264 Leonis,

187 3277 259 3338 Cum
282 3278 373 3339 semel
394 3280 508 3358 accepit
530 3279 628 3340 Solem
651 3278 828 3339 furibundus
851 3275 992 3338 acutum?

187 3361 239 3424 Est
261 3364 312 3423 ubi
334 3364 451 3424 divellat
473 3383 595 3425 somnos
617 3364 717 3424 miuus
740 3362 838 3424 invida
861 3360 954 3423 cura‘l

186 3448 321 3510 lleterius
343 3447 461 3528 Libycis
484 3450 544 3510 olet
566 3459 617 3510 aut
638 3449 712 3510 nitet
734 3446 824 3509 herba
847 3445 976 3527 lapillis?

186 3631 208 3681 x
226 3648 250 3683 υ.
270 3633 285 3683 2
304 3635 438 3694 amatores,
457 3632 505 3683 hac
523 3632 558 3684 al.
584 3631 588 3698 Ι
613 3634 628 3683 3
646 3635 682 3696 at]
700 3633 737 3683 13⁰
754 3633 803 3696 lul:
822 3631 854 3683 ad
878 3629 882 3698 Ι
906 3634 922 3683 4
941 3631 1104 3699 quidquid—2

95 3703 271 3766 parenthesin
289 3717 343 3751 esse
367 3701 458 3750 docuit
474 3700 524 3751 ΑΚ
548 3702 552 3766 Ι
580 3703 645 3766 bap.
667 3700 769 3767 pariter,
796 3698 1041 3763 vetuli-columbi,
1068 3705 1095 3752 tu

100 3771 116 3821 9
134 3767 241 3835 effertis]
259 3770 297 3819 B⁰
316 3770 364 3834 (ab
391 3767 462 3819 fertis
478 3770 482 3835 1
500 3770 530 3823 13
549 3768 728 3836 ponendaque]
747 3770 781 3820 13⁰
792 3770 827 3831 (a)
846 3768 877 3819 H.
895 3767 1004 3835 Sauppe
1022 3770 1104 3821 Pbilov

100 3838 149 3888 253
160 3854 228 3902 sqq:
248 3836 433 3903 ponendaeque
449 3836 453 3905 Ι
469 3837 653 3904 ponendaeque
672 3838 748 3889 domu
766 3837 841 3888 Aem.
859 3836 997 3886 Baehrens
1012 3837 1104 3889 Vadd

8 3920 124 4176 xp.
144 3904 235 3956 xxxlt
251 3907 254 3972 Ι
272 3907 302 3959 18
323 3904 436 3971 depellat
