2474 4440
141 231 200 290 188
503 232 733 286 EPISTULARUM
751 234 760 284 l
779 236 802 286 2.
821 236 843 286 3.

138 417 166 467 ot
224 406 271 467 lre
292 407 367 467 viam
390 424 446 484 qua
470 415 615 467 monstret
638 422 743 484 eques;
768 406 927 477 venaticus,
950 424 986 466 ex
1009 425 1072 486 quo

224 492 371 572 Tempore
394 491 540 552 cervinam
564 491 670 570 pellem
694 491 807 551 latravit
828 491 858 551 in
882 491 956 563 aula,

225 576 329 637 Militat
349 577 379 636 in
403 576 481 637 silvis
504 575 626 637 catulus.
672 575 757 636 Nunc
779 575 885 635 adhibe
908 595 984 656 puro

226 662 348 722 Pectore
371 661 467 732 verba,
491 679 575 740 puer,
599 678 681 720 nunc
703 669 732 720 te
754 660 926 722 melioribus
949 662 1041 723 oller:

225 747 289 818 Quo
312 744 402 807 semel
425 755 469 806 est
491 745 602 806 imbuta
625 763 730 805 recens
752 745 878 806 servabit
900 746 1023 807 odorem

224 831 309 892 Testa
332 831 391 890 diu.
436 829 547 901 Quodsi
570 849 667 892 cessas
689 840 739 891 aut
760 838 899 892 strenuus
923 832 1029 904 anteis,

224 917 283 976 Nec
306 917 419 976 tardum
443 916 584 995 opperior
606 933 661 976 nec
684 915 931 994 praecedentibus
953 916 1044 977 insto.

652 1219 692 1279 tlt

224 1339 278 1400 luli
302 1339 398 1411 Flore,
422 1337 530 1416 quibus
552 1348 697 1398 terrarum
720 1338 824 1399 militet
845 1338 906 1399 oris

224 1424 360 1485 Claudius
382 1423 505 1501 Augusti
529 1424 690 1503 privignus,
713 1423 787 1484 seire
810 1422 921 1483 laboro.

223 1509 376 1570 Thracane
398 1527 451 1569 vos
473 1507 649 1586 Hebrusque
673 1508 760 1568 nivali
782 1507 924 1585 compede
945 1509 1066 1571 vinctus

223 1599 268 1655 An
292 1595 366 1654 freta
388 1593 498 1654 vicinas
522 1593 600 1653 inter
622 1593 772 1654 currentia
794 1592 884 1654 turris

223 1683 269 1740 An
292 1680 419 1758 pingues
440 1678 524 1739 Asiae
547 1679 643 1757 campi
666 1677 814 1756 collesque
836 1676 1014 1738 morantur?

222 1764 298 1835 Quid
321 1763 451 1825 studiosa
473 1764 580 1824 cohors
603 1781 727 1843 operum
743 1759 851 1824 struit?
867 1796 880 1807 ·
896 1763 955 1823 hoc
972 1782 1119 1844 quoque<

223 1849 294 1920 Quis
316 1849 371 1910 sibi
394 1867 441 1910 res
464 1857 560 1926 gestas
582 1849 706 1927 Augusti
728 1848 857 1908 seribere
880 1846 991 1908 sumit?

223 1934 302 1996 Bella
325 1935 390 2013 quis
412 1942 441 1993 et
465 1952 552 2011 paces
575 1934 697 2013 longum
719 1933 856 1993 diffundit
878 1934 908 1993 in
932 1933 1061 1994 aevum?

222 2019 298 2091 Quid
322 2019 416 2080 Titius
439 2019 572 2079 Romana
595 2018 676 2080 brevi
698 2029 840 2080 venturus
862 2017 893 2079 in
917 2037 979 2092 ora,

224 2105 372 2165 Pindarici
395 2103 485 2164 lontis
508 2104 558 2181 qui
582 2123 643 2164 non
667 2104 807 2184 expalluit
829 2104 961 2176 haustus,

223 2189 365 2250 Fastidire
387 2189 467 2249 lacus
490 2198 518 2248 et
541 2189 617 2249 rivos
640 2208 728 2250 ausus
751 2185 892 2268 apertos‘.l

223 2274 261 2335 Ut
282 2271 379 2334 valet?
402 2281 435 2332 ut
456 2273 590 2334 meminit
613 2272 728 2335 nostri?
751 2274 897 2334 fidibusne
920 2273 1034 2334 Latinis

223 2359 380 2419 Thebanos
403 2367 503 2437 aptare
524 2359 628 2419 modos
650 2359 748 2420 studet
770 2359 889 2436 auspice
911 2358 994 2419 blusa

223 2446 267 2505 An
291 2444 400 2522 tragica
424 2443 550 2503 desaevit
571 2451 601 2503 et
622 2444 799 2523 ampullatur
821 2443 850 2503 in
874 2441 957 2503 arte?

223 2528 298 2600 Quid
321 2528 393 2588 mihi
410 2527 511 2588 Celsus
526 2525 605 2603 agit?
629 2529 759 2589 monitus
774 2528 960 2606 multumque
976 2528 1120 2588 monendi

223 2613 352 2674 Privatas
374 2621 408 2672 ut
429 2623 551 2691 quaerat
574 2631 645 2691 opes
669 2623 698 2673 et
720 2623 841 2691 tangore
863 2613 933 2672 vitet

223 2699 339 2778 Scripta
362 2698 511 2759 Palatinus
534 2716 737 2776 quaecumque
759 2697 872 2775 recepit
894 2697 1012 2776 Apollo,

222 2784 275 2856 Ne,
298 2785 323 2844 si
345 2784 422 2844 sorte
444 2800 511 2843 suas
533 2783 691 2861 repetitum
715 2783 829 2843 venerit
851 2782 920 2842 olim

224 2869 300 2929 Grex
323 2869 418 2929 avium
440 2867 566 2946 plumas,
591 2876 703 2928 moveat
726 2867 877 2928 cornicula
900 2867 994 2928 risum

223 2953 349 3015 Furtivis
373 2953 481 3014 nudata
504 2952 662 3014 coloribus.
708 2953 774 3032 lpse
796 2952 865 3031 quid
888 2949 1000 3013 audes‘l

223 3038 305 3110 Quae
327 3037 541 3100 circumvolitas
563 3039 646 3115 agilis
668 3035 789 3116 thyma?
813 3057 873 3098 non
897 3037 951 3098 tibi
973 3055 1096 3116 parvum

223 3123 391 3201 Ingenium,
415 3141 477 3183 non
500 3122 645 3184 incultum
667 3132 712 3184 est
734 3131 763 3184 et
784 3123 910 3201 turpiter
932 3123 1061 3195 hirtum;

223 3209 283 3270 Seu
305 3208 436 3287 linguam
458 3208 555 3269 causis
577 3208 657 3269 acuis
679 3227 732 3269 seu
755 3207 845 3268 civica
866 3208 930 3267 iura

225 3294 416 3372 despondere
438 3311 525 3371 paras
547 3311 599 3353 seu
622 3292 726 3354 condis
748 3292 871 3352 amabile
895 3309 1025 3362 carmen,

224 3378 320 3438 Prima
343 3378 419 3437 seres
441 3379 566 3437 hederae
589 3377 716 3438 victricis
738 3377 876 3456 praemia.
921 3375 1033 3447 Quodsi

223 3462 338 3542 Frigida
361 3480 500 3523 curarum
522 3464 652 3524 fomenta
674 3462 843 3540 relinquere
865 3481 978 3541 posses,

137 3615 340 3624 ——-—-

222 3714 240 3766 ll
258 3732 282 3770 o.
303 3716 335 3768 65
354 3718 413 3782 qua]
432 3716 478 3778 (o):
498 3729 573 3781 quam
589 3715 592 3776 Ι
609 3716 641 3767 66
659 3715 780 3767 laceravit
799 3715 834 3779 (o)

221 3782 252 3835 ΙΙΙ
269 3799 293 3836 o.
312 3786 328 3835 4
347 3783 522 3846 terraemot
538 3786 542 3848 Ι
558 3781 671 3842 oQuiuv
689 3780 1119 3849 Titius-apertos,1libbeolrtceaa

139 3851 251 3918 Halmio,
269 3852 301 3902 de
320 3867 372 3918 quo
389 3867 443 3902 non
461 3854 528 3901 solis
546 3855 673 3901 accurate
690 3855 719 3901 in
737 3851 798 3901 adn.
818 3847 904 3912 refert
924 3855 928 3914 Ι
952 3853 980 3903 16
1000 3864 1060 3901 num
1076 3841 1116 3897 ‘ha

136 3919 231 3986 Porpb.
248 3922 252 3985 l
268 3922 300 3972 22
319 3922 354 3983 et]
373 3935 420 3971 nec
437 3921 473 3982 (v)

8 3992 69 4168 l
