2474 4440
531 242 701 295 GARMlNUM
720 242 729 294 l
750 247 788 296 12.

636 414 688 474 llll

254 531 348 602 Quem
363 532 458 592 virum
474 542 524 592 aut
538 533 628 591 beroa
643 532 703 611 lyra
720 532 764 592 vel
779 532 839 592 acri

252 614 335 676 Tibia
350 617 442 676 sumis
456 616 617 687 celebrare,
634 616 707 688 Clio,

253 701 347 772 Quem
363 698 473 761 deum?
503 701 587 762 cuius
602 701 715 761 recinet
730 702 827 762 iocosa

328 786 440 845 Nomen
457 786 554 863 imago

251 905 309 962 Ant
323 903 354 963 in
371 903 517 963 umbrosis
533 903 683 963 Heliconis
699 904 758 963 oris

252 989 309 1047 Aut
324 1006 414 1066 super
431 987 523 1046 Pindo
539 986 671 1065 gelidove
687 987 717 1046 in
735 987 866 1050 llaemol

252 1071 337 1132 Unde
353 1071 481 1131 vocalem
498 1082 608 1131 temere
623 1071 774 1132 insecutae

328 1155 445 1234 Orphea
461 1155 548 1216 silvae

253 1276 324 1332 Arte
339 1282 470 1332 materna
487 1273 604 1351 rapidos
619 1282 783 1334 morantem

250 1357 420 1417 Fluminum
437 1356 536 1435 lapsus
552 1358 722 1436 celeresque
736 1368 850 1430 ventos,

250 1443 392 1503 Blandum
409 1451 438 1501 et
452 1442 560 1501 auritas
576 1441 682 1503 lidibus
698 1443 815 1504 canoris

326 1526 439 1586 Ducere
456 1545 593 1604 quercus.

250 1644 325 1715 Quid
343 1645 424 1722 prius
440 1644 533 1702 dicam
551 1642 644 1702 solitis
660 1645 790 1722 parentis

248 1728 406 1801 Laudibus,
424 1728 473 1805 qui
490 1745 536 1786 res
552 1727 704 1788 bominum
721 1748 754 1789 ac
770 1730 902 1799 deorum,

248 1812 305 1883 Qui
322 1830 400 1871 mare
416 1830 448 1870 ac
465 1821 558 1871 terras
573 1811 719 1890 variisque
735 1815 879 1872 mundum

323 1896 480 1974 Temperat
494 1894 598 1956 boris?

248 2013 331 2073 Unde
348 2014 388 2073 nil
404 2014 498 2074 maius
513 2023 672 2089 generatur
687 2013 750 2092 ipso

246 2098 306 2158 Nec
322 2099 397 2176 viget
413 2098 569 2175 quicquam
586 2098 679 2159 simile
695 2108 744 2160 aut
759 2099 938 2171 secundnrn;

248 2182 402 2242 Proximos
417 2183 456 2242 illi
473 2190 569 2242 tamen
587 2182 743 2262 occupabit

325 2268 416 2327 Pallas
433 2268 561 2327 bonores

248 2385 371 2446 Proeliis
386 2387 488 2445 audax.
520 2385 621 2462 Neque
637 2395 664 2445 te
680 2386 782 2458 silebo,

244 2470 375 2530 Liberat
390 2470 481 2530 saevis
497 2469 615 2528 inimica
630 2473 710 2550 virgo

246 2555 343 2615 beluis
357 2573 413 2615 nec
428 2564 466 2625 te,
483 2553 639 2614 metuende
655 2566 734 2616 certa

321 2639 440 2699 Phoebe
456 2639 574 2716 sagitta3

245 2758 344 2818 Dicam
361 2768 390 2818 et
405 2756 527 2817 Alciden
542 2774 710 2835 puerosque
728 2754 831 2826 Ledae,

245 2842 332 2903 lluno
347 2844 440 2920 equis,
458 2841 538 2900 illum
554 2858 693 2918 superare
710 2839 817 2916 pugnis

242 2927 386 2999 Nobilem,
402 2944 529 3004 quorum
546 2924 633 2984 simul
647 2923 711 2983 alba
729 2922 825 2982 nautis

322 3013 409 3072 Stella
425 3010 549 3081 refulsit,
892 3005 895 3009 ’

243 3130 350 3190 Delluit
365 3130 441 3192 sanis
457 3128 583 3206 agitatus
598 3142 694 3197 umor,

170 3224 199 3273 30
243 3215 409 3276 Concidunt
424 3214 503 3273 venti
520 3211 697 3290 fugiuntque
713 3208 816 3277 nubes,

243 3299 279 3360 Et
293 3301 400 3371 minax,
418 3299 497 3378 quod
513 3297 555 3358 sic
570 3296 698 3368 voluere,
716 3304 808 3373 ponto

319 3385 399 3445 Unda
416 3380 570 3444 recumbit.

115 3520 316 3529 ——.

197 3601 239 3652 llll
258 3618 281 3653 o⁴
300 3605 315 3653 2
333 3616 418 3652 sumes
436 3603 475 3650 Ba
491 3614 532 3663 pr.
557 3600 594 3663 (a)
625 3597 629 3660 l
658 3598 673 3647 3
698 3595 788 3646 recinit
806 3596 840 3657 (ol
866 3593 960 3645 retinet
985 3594 1021 3658 (o)
1049 3596 1053 3660 Ι
1082 3599 1146 3658 [9-

113 3669 141 3718 M
157 3671 194 3733 (H
209 3686 298 3734 opusc.
315 3669 346 3719 lll
364 3672 407 3732 57)
423 3672 428 3726 Ι
447 3668 475 3718 13
490 3675 623 3731 parentum
639 3667 642 3727 Ι
661 3667 691 3716 lb
710 3667 735 3714 et
752 3665 787 3725 (a)
806 3662 895 3724 autb)
910 3660 915 3728 l
932 3669 1023 3712 terram
1035 3665 1075 3725 (a)
1091 3663 1097 3730 Ι
1114 3681 1147 3718 oc

112 3738 193 3801 pabit]
212 3737 240 3787 n.
252 3737 415 3801 Stephanus,
433 3736 492 3798 alii,
508 3740 539 3784 ut
558 3751 596 3784 co.
616 3733 659 3783 dd.
678 3748 694 3780 α
712 3731 832 3782 Bentleio
850 3730 995 3792 improbati
1020 3735 1046 3778 et
1069 3732 1122 3782 ΑΚ
1144 3739 1149 3798 t

108 3806 202 3866 pnitot.
224 3805 462 3867 Unterrueliungan
479 3803 498 3853 ll
521 3805 576 3865 101,
596 3803 649 3863 tal:
674 3797 828 3864 occupauitl
845 3799 876 3848 20
888 3813 926 3860 eq.
941 3796 1060 3849 bonores.
1080 3798 1149 3853 Proe

114 3873 195 3924 audax
214 3886 297 3939 neque
317 3872 351 3921 al.
370 3874 412 3935 (=
431 3872 477 3920 ΡΙι.
496 3871 644 3920 Buttmann
664 3865 809 3933 Mytliolog.
823 3864 832 3915 l
846 3867 940 3930 Sbcqq.
952 3867 985 3915 A.
995 3863 1148 3928 Reifferacli

113 3942 185 3992 anal
204 3943 298 3993 Horat,
319 3939 394 3991 Vrat.
417 3941 480 3992 1870
498 3954 523 4004 p.
545 3941 631 4004 bcqq.)
655 3935 659 4004 l
680 3939 710 3988 31
731 3934 791 4001 quia
