2474 4440
118 239 180 300 208
497 238 726 291 EPISTULARUM
744 240 754 290 l
774 243 813 293 18.

204 413 295 487 Zethi,
318 413 452 487 dissiluit,
474 413 570 473 donec
592 421 728 492 suspecta
750 430 851 472 severo

205 498 354 559 Conticuit
375 498 446 578 lyra.
492 497 642 558 Fraternis
665 498 787 558 cessisse
808 507 930 576 putatur

206 583 337 645 bloribus
360 582 523 663 Amphion:
546 591 579 643 tu
602 583 672 643 cede
696 583 826 661 potentis
848 583 933 643 amici

120 680 149 730 45
206 668 339 730 Lenibus
360 668 493 748 imperiis
515 668 713 746 quotiensque
736 668 840 729 educet
860 668 890 728 in
915 686 1002 747 agros

206 753 326 815 Aetoliis
349 763 470 814 onerata
490 753 584 832 plagis
606 753 735 814 iumenta
758 753 907 831 canisque,

207 838 302 917 Surge
324 849 354 898 et
376 839 554 899 inhumanae
576 838 692 898 senium
714 837 831 918 depone
854 838 1009 913 Camenae,

209 918 302 985 Cenes
324 933 356 984 ut
379 924 489 1003 pariter
510 923 663 1003 pulmenta
686 923 836 984 laboribus
859 934 973 1002 empta:

207 1008 348 1070 Romanis
370 1009 513 1070 sollemne
534 1008 604 1069 viris
627 1026 711 1087 opus,
734 1008 804 1069 utile
826 1010 919 1070 lamae

207 1094 348 1173 Vitaeque
371 1104 400 1154 et
422 1093 570 1166 membris,
592 1093 767 1172 praesertim
790 1111 856 1154 cum
879 1095 973 1155 valeas
996 1105 1026 1157 et

209 1178 261 1239 Vel
283 1198 371 1240 cursu
396 1197 535 1258 superare
558 1197 662 1239 canem
685 1178 730 1238 vel
753 1178 863 1240 viribus
885 1198 991 1259 aprum

209 1263 316 1325 Possis.
360 1264 441 1324 adde
464 1264 554 1324 virilia
578 1264 657 1342 quod
678 1263 840 1342 speciosius
862 1282 942 1324 arma

210 1349 275 1409 Non
299 1350 415 1428 estqui
438 1357 560 1423 tractet3
583 1348 650 1421 scis,
674 1367 733 1426 quo
757 1349 884 1410 clamore
907 1368 1038 1412 coronae

211 1432 325 1494 Proelia
347 1435 492 1496 sustineas
515 1432 703 1513 campestria;
726 1433 855 1512 denique
877 1453 992 1495 saevam

210 1518 341 1579 Militiam
363 1538 438 1599 puer
460 1528 490 1580 et
511 1518 683 1580 Cantabrica
706 1518 782 1579 bella
804 1520 895 1580 tulisti

210 1602 272 1664 Sub
295 1604 379 1678 duce,
403 1605 453 1683 qui
475 1604 592 1684 templis
615 1604 791 1664 Parthorum
813 1605 896 1683 signa
919 1606 1018 1685 religit

210 1689 296 1750 Nunc
319 1699 356 1765 et,
380 1690 475 1769 siquid
499 1688 592 1764 abest,
615 1688 693 1749 ltalis
715 1688 861 1750 adiudicat
882 1691 982 1752 armis.

210 1776 252 1834 Ac
274 1793 313 1836 ne
335 1783 365 1836 te
387 1776 519 1836 retrahas
541 1783 571 1835 et
592 1774 799 1835 inexcusabihs
821 1773 908 1847 absia,

211 1857 349 1928 Quamvis
371 1861 413 1921 nil
435 1869 516 1922 extra
540 1877 696 1920 numerum
719 1859 823 1920 iecisse
846 1861 1026 1940 modumque

211 1943 310 2020 Curae,
333 1946 481 2007 interdum
507 1945 625 2024 nugaris
648 1962 717 2005 rure
740 1954 879 2024 paterno:

210 2030 340 2092 Partitur
361 2031 457 2092 lintris
479 2031 633 2104 exercitus,
655 2030 738 2090 Actia
761 2048 860 2109 pugna

212 2114 254 2174 Te
276 2116 351 2176 duce
373 2133 427 2194 per
449 2133 558 2194 pueros
579 2114 678 2175 hostili
701 2132 783 2175 more
806 2116 942 2187 refertur,

213 2199 401 2261 Adversarius
424 2210 468 2260 est
489 2201 587 2273 frater,
610 2201 690 2261 lacus
713 2199 830 2273 Hadria,
853 2201 949 2262 donec

214 2283 395 2346 Alterutrum
418 2285 501 2345 velox
524 2284 649 2344 Victoria
672 2285 778 2345 lronde
801 2283 949 2347 coronet(

213 2369 388 2431 Consentire
411 2369 471 2431 suis
493 2369 596 2431 studiis
609 2370 669 2448 ,qui
691 2369 850 2430 crediderit
871 2380 910 2444 te,

214 2455 324 2517 Pautor
345 2463 472 2534 utroque
494 2463 578 2516 tuum
600 2455 730 2515 laudabit
751 2456 858 2535 pollice
880 2455 993 2518 ludum.
1019 2493 1060 2504 -

216 2541 353 2602 Protinus
376 2551 408 2602 ut
432 2559 569 2602 moneam
591 2574 604 2584 -
627 2540 724 2618 siquid
747 2540 902 2603 monitoris
924 2561 995 2621 eges
1019 2555 1051 2604 tu
1073 2579 1095 2617 -‚

215 2626 292 2696 Quid
313 2627 349 2686 de
373 2645 493 2705 quoque
515 2626 578 2686 viro
601 2634 630 2687 et
652 2625 700 2685 cui
722 2625 809 2700 dicas,
833 2644 920 2704 saepe
943 2627 1051 2690 videto.

215 2711 455 2771 Percontatorem
480 2712 588 2790 lugito;
613 2729 680 2770 nam
703 2711 838 2788 garrulus
860 2711 937 2772 idem
962 2722 1017 2787 est,

128 2807 142 2826 ‘
213 2796 273 2857 Nec
295 2797 428 2856 retinent
448 2797 564 2875 patulae
587 2795 734 2856 conmissa
755 2795 881 2857 fideliter
903 2815 991 2859 aures

215 2880 253 2940 Et
274 2881 364 2941 semel
387 2881 525 2943 emissum
548 2880 626 2941 volat
648 2881 845 2941 inrevocabile
868 2882 999 2945 verbum.

215 2964 281 3026 Non
305 2966 409 3027 ancilla
433 2975 516 3028 tuum
538 2966 621 3026 iecur
643 2966 756 3027 ulceret
776 2965 835 3026 nlla
856 2985 969 3045 puerve

215 3050 296 3111 lutra
319 3070 517 3112 marmoreum
541 3050 701 3111 venerandi
723 3050 812 3112 limen
835 3051 931 3126 amici,

215 3136 259 3197 Ne
281 3137 419 3198 dominus
441 3137 526 3216 pueri
547 3136 666 3214 pulchri
687 3153 807 3196 caraeve
830 3136 946 3215 puellae

217 3221 339 3282 Munere
362 3233 391 3283 te
414 3240 503 3301 parvo
527 3221 595 3281 beet
616 3229 667 3280 aut
689 3221 896 3283 incommodus
918 3232 1017 3301 angat.

218 3305 339 3375 Qualem
363 3307 565 3379 commendes,
589 3306 674 3365 etiam
698 3315 785 3385 atque
808 3306 896 3368 etiam
919 3308 1052 3388 adspice,
1075 3324 1137 3368 ner

218 3389 366 3451 lncutiant
388 3392 481 3452 aliena
504 3391 557 3452 tibi
580 3400 699 3471 peccata
721 3392 874 3469 pudorem.

217 3474 357 3535 Fallimur
378 3487 408 3537 et
430 3477 579 3555 quondam
603 3496 663 3537 non
688 3476 810 3556 dignum
833 3477 993 3540 tradimus:
1016 3497 1086 3559 ergo

218 3559 313 3630 Quem
335 3579 387 3622 sua
411 3562 495 3641 culpa
519 3570 635 3641 premet
656 3561 798 3642 deceptus
821 3563 923 3624 omitte
946 3565 1030 3640 tueri,

131 3654 160 3706 80
216 3644 255 3705 Ut
276 3646 395 3725 penitus
418 3656 531 3720 notum,
555 3647 579 3708 si
601 3656 747 3726 temptent
769 3648 903 3724 crimina,
926 3668 1025 3712 serves

217 3863 295 3918 xvnl
303 3881 328 3918 υ.
339 3866 372 3917 46
390 3862 488 3916 Aeoliis
499 3866 534 3930 (v)
549 3866 648 3918 Vlc'tius
667 3867 703 3917 cd
718 3866 803 3920 Gratt.
818 3868 920 3935 Cyneg.
938 3884 963 3920 o.
982 3870 1015 3922 35
1031 3869 1034 3935 Ι
1049 3870 1080 3922 bl
1096 3868 1137 3933 (sii

133 3933 265 3987 monitoris
284 3936 354 4000 eges)
373 3937 400 3985 tn
418 3931 467 3984 ΑΚ
