2474 4440
110 263 169 320 146
497 262 686 315 SA'llRARUlll
703 263 713 315 l
732 267 755 317 8.
774 267 798 318 9.

192 437 349 515 Unguibus
372 444 402 497 et
423 437 532 517 pullam
556 436 692 497 divellere
716 438 866 498 mordicus
888 456 995 516 agnam

196 521 379 601 Coeperunt;
402 541 490 582 cruor
513 522 543 581 in
567 523 673 582 lessam
697 525 849 595 confusus,
871 534 905 583 ut
926 523 997 584 inde

193 607 286 667 blanis
309 608 449 668 elicerent
472 607 584 667 animas
606 625 748 686 responsa
772 608 898 668 daturas.

122 702 151 752 30
195 692 293 752 Lanea
316 701 346 753 ct
368 693 480 769 effigies
502 702 574 764 erat,
598 691 686 751 altera
709 711 808 765 cerea;
832 694 925 753 maior

194 777 301 851 Lanea,
325 795 400 856 quae
423 777 527 856 poenis
549 787 751 854 compesceret
773 778 954 850 inferiorem,

195 861 285 922 Cerea
308 863 480 942 suppliciter
503 862 605 934 stabat,
629 862 783 923 servilibus
806 872 838 923 nt
861 882 935 941 quae
1016 905 1019 913 -

127 991 130 998 ,
194 947 254 1007 lam
277 948 406 1026 peritura
430 947 533 1007 modis.
579 946 708 1006 Hecaten
731 958 817 1007 vocat
838 949 937 1020 altera,
961 967 1077 1011 saevam

193 1033 291 1093 Altera
315 1032 514 1111 Tisiphonen;
537 1031 684 1110 serpentis
707 1042 794 1110 atque
816 1034 929 1093 videres

121 1126 150 1176 35
193 1115 328 1178 Infernas
342 1135 450 1199 errare
472 1117 554 1177 canis
577 1118 736 1195 lunamque
759 1117 926 1190 rubentem,

194 1202 237 1262 Ne
259 1204 336 1262 loret
358 1202 403 1261 his
425 1202 516 1275 testis,
540 1211 607 1280 post
630 1220 734 1279 magna
757 1204 848 1262 latere
870 1203 1017 1282 sepulcra.

194 1287 322 1347 Mentior
344 1296 374 1346 at
395 1287 501 1364 siquid,
524 1287 632 1346 merdis
655 1297 744 1366 caput
766 1287 905 1365 inquiner
928 1287 1003 1349 albis

194 1371 356 1432 Corvorum
379 1380 467 1450 atque
489 1373 519 1431 in
543 1390 590 1431 me
613 1372 709 1431 veniat
732 1373 851 1432 mictum
874 1381 963 1451 atque
986 1384 1111 1436 cacatum

119 1452 122 1458 ’
194 1456 314 1535 †lulius
337 1466 366 1517 et
388 1456 498 1534 lragilis
522 1456 649 1517 Pediatia
673 1457 780 1536 furque
802 1457 945 1519 Vorenus.

121 1551 151 1602 to
194 1542 315 1620 Singula
339 1542 408 1621 quid
432 1559 603 1614 memorem,
627 1560 686 1619 quo
709 1551 796 1620 pacto
819 1542 930 1603 alterna
953 1543 1105 1622 loquentes

193 1626 321 1687 Umbrae
345 1645 411 1687 cum
435 1627 549 1705 Sagana
572 1627 741 1687 resonarint
763 1628 845 1687 triste
868 1637 1052 1704 elocutum,

194 1712 290 1790 thue
311 1713 374 1791 lupi
396 1712 517 1772 barbam
541 1711 634 1772 variae
657 1730 725 1773 cum
747 1713 836 1773 dente
858 1713 999 1774 colubrae

196 1797 370 1858 Abdiderint
392 1797 493 1857 lurtim
514 1797 610 1869 terris,
635 1806 664 1857 et
685 1797 813 1876 imagine
836 1816 920 1857 cerea

194 1881 318 1960 Largior
340 1882 446 1943 arserit
468 1882 553 1961 ignis,
577 1891 606 1942 et
628 1891 660 1942 ut
682 1901 743 1943 non
767 1883 849 1943 testis
871 1883 984 1944 inultus

122 1978 151 2027 to
194 1966 369 2027 Horruerim
391 1985 477 2027 voces
500 1966 653 2027 Furiarum
678 1976 707 2028 et
729 1969 802 2027 lacta
826 1968 960 2028 duarum.

194 2052 266 2111 Nam
290 2052 415 2132 displosa
439 2061 525 2112 sonat
547 2061 688 2130 quantum
712 2053 814 2125 vesica,
837 2053 944 2132 pepedi

193 2137 307 2197 llilfissa
329 2147 396 2197 nate
419 2137 507 2211 ficus3
531 2146 560 2196 at
581 2136 646 2197 illae
668 2155 790 2198 currere
812 2138 841 2197 in
865 2138 980 2198 urbem.
1089 2139 1092 2146 '

195 2221 331 2281 Canidiae
354 2223 467 2294 dentes,
491 2223 581 2283 altum
604 2223 736 2301 Saganae
760 2223 941 2283 caliendrum

195 2305 336 2366 Excidere
360 2317 448 2385 atque
469 2307 576 2368 herbas
598 2318 685 2386 atque
708 2309 855 2368 incantata
878 2308 996 2368 lacertis

195 2391 317 2452 Vincula
340 2410 407 2453 cum
430 2411 537 2470 magno
560 2393 682 2472 risuque
705 2394 829 2472 iocoque
851 2393 975 2455 videres.

569 2562 722 2576 -n-

626 2681 665 2740 lll

195 2797 275 2858 lbam
297 2799 375 2861 lorte
397 2800 441 2859 via
465 2817 554 2871 sacra,
577 2800 653 2860 sicut
674 2818 758 2861 meus
781 2810 825 2860 est
847 2819 910 2862 mos

194 2883 299 2943 Nescio
323 2886 394 2963 quid
417 2884 560 2944 meditans
582 2903 737 2962 nugarum,
761 2895 841 2946 totus
862 2886 893 2946 in
916 2886 987 2958 illis;

194 2969 332 3030 Accurrit
353 2970 469 3049 quidam
493 2979 581 3029 notus
603 2969 674 3029 mihi
698 2971 817 3031 nomine
840 2979 954 3031 tantum

195 3057 378 3133 Arreptaque
400 3074 489 3115 manu
510 3047 592 3131 ‘quid
615 3055 685 3132 agis,
708 3054 876 3116 dulcissime
899 3043 1034 3116 reruml'

137 3149 151 3197 ὅ
192 3131 348 3215 ‘Suaviter,
365 3149 396 3200 ut
408 3158 490 3199 nunc
503 3129 563 3210 est,'
583 3131 757 3216 inquam‘et
768 3141 856 3219 cupio
869 3142 978 3214 omnia,
995 3124 1121 3217 quaeris'

197 3222 268 3283 Cum
292 3225 500 3298 adsectarctur,
520 3216 677 3301 ‘numquid
701 3215 775 3285 vis‘l’
803 3243 926 3304 occupo.
972 3227 1009 3284 dt
1031 3224 1076 3284 ille

198 3406 250 3458 Vlll
277 3424 299 3460 o.
328 3410 360 3460 29
387 3408 505 3458 manibus
527 3409 623 3473 Porpb.
651 3409 655 3474 Ι
683 3410 715 3460 39
733 3408 845 3472 †lnlius]
869 3410 909 3458 sic
931 3410 1025 3458 merito
1044 3405 1095 3470 At,
1113 3400 1153 3466 lit:X

109 3475 182 3527 uuus
200 3474 327 3539 (vultus
351 3476 405 3527 cru
426 3475 458 3526 rv
478 3480 522 3537 51,
547 3479 594 3526 etr
611 3474 645 3537 cp
664 3477 740 3539 aun„
765 3479 796 3528 59
819 3477 890 3539 [auu.
910 3479 1004 3537 2109·;
1023 3476 1032 3526 t
1052 3474 1114 3536 1251]
1126 3468 1153 3529 d:

111 3544 140 3598 d.
159 3545 189 3594 ue
215 3544 604 3607 Wilumowitz-Mdllendorff
625 3547 698 3608 apud
725 3544 787 3607 AK;
813 3546 933 3610 equidem
963 3547 995 3596 de
1025 3544 1098 3596 Villio
1117 3535 1153 3589 illt'

108 3613 211 3664 Annali
232 3616 319 3678 putria
342 3630 367 3664 α.
392 3614 423 3663 43
439 3613 582 3677 proditore
603 3613 672 3676 (Vol.
691 3611 765 3663 Marc.
782 3612 814 3663 [Χ
836 3618 873 3675 11,
892 3616 907 3664 6
925 3615 993 3680 App.
1012 3613 1028 3663 l.
1047 3628 1067 3663 c.
1083 3607 1109 3661 ll
1121 3603 1148 3664 lli

109 3683 241 3745 cogitavi,
268 3681 315 3731 ced
340 3681 447 3741 dubito,
475 3681 547 3744 quod
570 3686 625 3730 tum
650 3684 750 3730 occisus
774 3697 828 3730 erse
849 3682 951 3732 dicitur
977 3686 981 3748 Ι
1008 3678 1110 3748 pediacia
1125 3670 1147 3736 (tl

108 3749 208 3815 pedalia
228 3751 262 3813 (v)
289 3748 397 3799 Pedacia
418 3748 546 3802 Homerus
572 3765 636 3799 mus.
663 3746 729 3814 pbtl.
748 3750 789 3810 24,
807 3750 856 3800 347
882 3751 887 3815 Ι
913 3753 944 3803 41
971 3748 1110 3808 resonarint]
1125 3739 1147 3803 p}

107 3818 208 3871 Beati„-
227 3820 375 3869 resonarent
390 3821 394 3882 Ι
411 3820 443 3870 48
462 3817 617 3867 caliandrum

192 3885 225 3936 tx
243 3901 265 3936 a.
287 3889 299 3938 l
319 3901 388 3937 sacra
407 3887 474 3937 sicut
492 3899 564 3936 meus
583 3890 622 3936 est
640 3899 706 3949 mos,
725 3885 811 3936 nescio
829 3885 864 3934 al.
881 3885 884 3949 Ι
901 3886 915 3935 3
933 3886 1042 3937 occurrit
1055 3882 1060 3952 Ι
1073 3873 1102 3935 l‘

106 3954 170 4019 agis,
189 3953 342 4020 dulcissime,
360 3949 472 4007 rerumt’
493 3954 529 4005 al.
