2474 4440
492 231 681 286 SATlRARUM
699 233 718 284 ll
737 235 760 287 8.
1096 232 1155 291 181

177 404 309 465 Audieris
331 403 446 465 melius.
490 404 564 464 Tum
590 403 719 465 Vibidius
742 404 903 466 Balatroni:

169 483 254 550 “Nos
279 489 335 551 nisi
358 489 499 550 damnose
522 489 659 561 bibimus,
681 490 845 550 moriemur
866 482 981 559 inulti,”

178 574 339 635 atuaticos
362 574 457 653 poscit
479 575 623 647 maiores;
645 583 759 635 vertere
782 575 877 653 pallor
1127 587 1157 636 aa

174 659 248 720 Turn
270 659 394 739 parochi
416 660 529 730 faciem,
553 659 594 719 nil
617 659 659 720 sic
682 660 839 720 metuentis
863 670 895 721 ut
916 661 992 722 acris

176 745 306 818 Potores,
330 744 377 804 vel
399 744 479 822 quod
501 744 682 805 maledicunt
702 744 826 806 liberius
848 746 891 806 vel

178 829 298 890 Fervida
321 831 401 908 quod
424 829 530 890 subtile
554 830 714 890 exsurdant
735 830 800 889 vina
823 831 962 909 palatum.

175 914 327 975 lnrertunt
349 914 481 975 Allifanis
502 914 613 975 vinaria
634 923 694 975 tota

175 999 305 1060 Vibidius
327 999 512 1077 Balatroque,
534 1000 643 1061 secutis
665 999 818 1071 omnibus;
841 1001 890 1060 imi
1130 1011 1159 1061 tu

176 1084 317 1145 Convivae
340 1084 407 1145 lecti
431 1085 554 1146 nibilum
578 1103 707 1146 nocuere
730 1085 870 1162 lagoenis

174 1169 311 1231 adfertur
332 1168 452 1248 squillas
474 1170 553 1231 inter
574 1187 698 1231 murena
721 1170 849 1270 nataptis

175 1254 206 1315 ln
229 1255 331 1334 patina
352 1263 499 1334 porrecta.
537 1254 599 1315 Sub
622 1255 679 1315 boc
702 1273 771 1315 erus
790 1247 886 1316 baec
901 1243 1037 1333 gravida
1062 1254 1159 1334 inquit

172 1333 285 1437 “Capta
308 1348 362 1413 est,
385 1340 514 1400 deterior
536 1348 604 1420 post
624 1348 742 1419 parturn
766 1358 855 1400 carne
877 1342 984 1400 futura.

175 1424 224 1486 llis
247 1425 370 1485 mixtum
393 1424 440 1486 ius
463 1434 522 1486 est:
546 1425 621 1498 oleo,
645 1426 736 1522 quod
746 1425 841 1504 prima
862 1425 981 1486 Venafri
1130 1434 1159 1484 tl

176 1510 283 1572 Pressit
304 1511 388 1583 cella,
410 1528 481 1589 garo
505 1511 541 1571 de
564 1510 643 1572 sucis
664 1510 754 1590 piscis
776 1509 889 1581 Hiberi,

178 1594 249 1656 Vino
273 1595 473 1673 quinquenni,
495 1614 597 1656 verum
621 1595 694 1656 citra
717 1612 797 1655 mare
819 1605 898 1668 nato,

175 1680 248 1741 llum
271 1680 409 1758 coquitur
431 1713 445 1724 ·
469 1694 553 1741 cocto
577 1680 682 1741 Chium
705 1680 748 1741 sic
770 1680 919 1753 convenit,
941 1688 975 1740 ut
998 1698 1057 1740 non

176 1765 236 1826 Hoc
258 1765 352 1845 magis
374 1765 467 1826 ullum
489 1765 568 1826 aliud
590 1799 614 1839 ·,
636 1766 738 1845 pipere
761 1764 839 1838 albo,
862 1785 923 1825 non
947 1764 1012 1826 sine
1034 1772 1127 1836 aceto,

175 1849 258 1920 Quod
280 1849 517 1930 Methymnaeam
538 1851 608 1912 vitio
632 1851 786 1911 mutaverit
808 1868 901 1910 uvam
1130 1857 1159 1907 ab

174 1934 283 1996 Eruoas
304 1935 413 2006 viridis,
437 1935 533 1997 inulas
556 1954 611 2015 ego
634 1936 749 2015 primus
769 1953 882 1996 amaras

175 2019 362 2081 llonstrari
354 2039 527 2117 incoquere,
550 2021 661 2082 inlutos
684 2019 823 2082 Curtillus
841 2020 978 2092 echinos,

176 2103 209 2166 Ut
231 2104 336 2166 melius
358 2106 452 2166 muria
475 2107 554 2184 quod
577 2117 651 2166 testa
673 2106 785 2166 marina
807 2097 963 2166 remittat?

176 2189 291 2251 Interea
312 2209 456 2269 suspensa
479 2192 574 2267 gravis
596 2191 696 2252 aulaea
717 2191 819 2252 ruinas

175 2274 206 2335 ln
229 2275 359 2355 patinam
384 2276 492 2348 fecere,
514 2277 660 2337 trahentia
683 2276 813 2356 pulveris
835 2277 890 2336 atri

176 2359 325 2430 Quantum
349 2379 409 2420 non
434 2362 539 2439 dquilo
563 2360 719 2440 Campanis
742 2361 848 2422 excitat
869 2362 957 2440 agris.

179 2443 236 2505 Nos
258 2444 352 2506 maius
375 2446 467 2517 veriti,
491 2457 647 2525 postquam
672 2446 744 2507 nibil
767 2464 831 2506 esse
852 2446 972 2525 pericli„

179 2528 340 2603 Sensimus,
362 2531 519 2610 erigimur;
543 2532 637 2592 Rufus
660 2532 755 2611 posito
779 2531 883 2610 capite,
906 2540 939 2591 ut
961 2528 985 2589 si

176 2613 265 2676 Filius
287 2615 454 2677 inmaturus
477 2616 595 2689 obisset,
618 2617 698 2676 llere.
743 2615 815 2686 Quis
837 2627 915 2675 esset

178 2698 267 2774 Finis,
291 2700 322 2760 ni
324 2701 462 2802 sapiens
483 2702 525 2762 sic
547 2701 750 2762 Nomentanus
773 2701 898 2761 amicum
1130 2703 1160 2753 60

177 2777 333 2846 Tolleret‘
335 2778 417 2859 ‘heu,
440 2785 581 2859 Fortuna,
604 2788 670 2864 quis
693 2795 737 2847 est
758 2784 935 2846 crudelior
928 2803 957 2844 m
983 2800 1037 2843 nos

177 2868 215 2930 Te
237 2868 333 2931 deus‘l
355 2879 388 2931 ut
410 2889 527 2951 semper
548 2872 659 2950 gaudes
681 2871 816 2931 inludere
839 2870 928 2930 rebus

178 2944 359 3017 llumanisl'
387 2956 489 3016 Varius
511 2973 616 3036 mappa
640 2974 830 3036 compescere
853 2956 946 3016 risum

179 3039 229 3100 Vir
252 3049 375 3119 poterat.
421 3040 537 3100 balatro
561 3041 748 3142 suspepdeus
771 3040 870 3101 omnia
893 3058 964 3100 uaso

174 3115 274 3185 “Haec
297 3134 343 3186 est
365 3126 501 3186 condicio
524 3117 661 3186 virendi’'
687 3117 821 3186 aiebat“
827 3143 922 3203 eoque
1132 3128 1160 3178 65

178 3206 367 3288 Responsura
389 3219 440 3270 tuo
465 3228 626 3307 numquam
649 3219 693 3272 est
715 3227 769 3289 par
791 3211 867 3270 fama
890 3208 993 3270 labori

179 3292 266 3365 Tene,
290 3303 324 3355 ut
346 3314 400 3374 ego
424 3296 550 3374 accipiar
572 3296 660 3368 laute,
683 3295 851 3373 torquerier
875 3295 955 3355 omni

176 3377 376 3441 Sollicitudine
398 3380 573 3452 districtum,
597 3401 635 3441 ne
658 3380 743 3459 panis
765 3380 894 3452 adustus,

176 3460 215 3524 Ne
238 3465 314 3524 male
336 3465 488 3525 conditum
511 3465 557 3526 ius
580 3466 754 3545 adponatur,
776 3474 810 3525 ut
832 3483 936 3526 omues

176 3546 337 3610 Praecincti
360 3560 439 3610 recte
461 3550 545 3629 pueri
568 3551 739 3629 comptique
761 3547 952 3610 ministrent?
1131 3556 1161 3605 το

176 3631 253 3695 ddde
275 3635 330 3695 hos
352 3642 502 3714 praeterea
525 3653 618 3707 casus,
640 3635 740 3695 aulaea
764 3645 852 3694 ruant
873 3635 908 3704 si,

116 3732 293 3781 χ’...

114 3850 267 3960 ὅῊΙΙυ.
286 3855 320 3906 40
339 3853 447 3905 saeuus
465 3851 612 3904 omnibus
606 3853 649 3903 imi
677 3853 711 3902 ol
741 3851 804 3915 (Mc)
832 3851 871 3918 l
865 3852 923 3903 imis
954 3849 958 3918 1
988 3852 1020 3902 52
1039 3847 1135 3901 inlotos

114 3909 216 3984 Quam
233 3923 269 3986 (u)
287 3935 338 3988 quo
358 3925 482 3986 strupra
502 3925 625 3971 notatum
643 3935 673 3972 eo
692 3919 729 3969 13⁰
743 3920 748 3985 1
764 3918 872 3971 remittit
