2474 4440
408 272 580 326 chhhtuutt
598 275 608 326 l
627 278 649 327 4.
669 278 693 327 5.

530 443 565 502 lV

144 547 274 608 Solvitur
288 547 365 607 acris
382 546 474 606 hiems
489 554 571 623 grata
587 545 649 606 vice
664 546 741 607 veris
756 556 786 607 et
800 545 918 618 Favoni,

188 630 383 709 Trahuntque
398 631 491 691 siccas
506 630 659 691 machinae
675 631 790 692 carinas

145 719 186 776 Ac
202 734 300 793 neque
316 716 374 775 iam
389 714 512 776 stabulis
525 715 632 793 gaudet
647 733 738 796 pecus
753 726 804 776 aut
817 725 915 776 arator
930 715 991 794 igni

189 801 249 860 Nec
266 808 349 878 prata
365 799 448 860 canis
463 799 591 860 albicant
607 800 730 878 pruinis.

144 885 202 945 lam
220 884 363 963 Cytherea
379 884 486 944 choros
499 884 584 945 'ducit
598 884 698 946 Venus
713 884 878 944 inminente
892 885 962 945 luna
1072 893 1088 944 a

191 969 373 1047 Iunctaeque
389 969 532 1048 Nymphis
547 967 664 1029 Gratiae
680 970 820 1030 decentes

143 1054 265 1114 Alterno
281 1061 389 1114 terram
405 1053 542 1131 quatiunt
557 1052 639 1132 pede,
656 1054 724 1113 dum
740 1054 836 1133 gravis
850 1053 1011 1134 Cyclopum

192 1138 341 1199 Volcanus
355 1138 463 1199 ardens
478 1137 545 1197 visit
559 1137 701 1198 officinas.

146 1223 234 1282 Nunc
249 1224 334 1283 decet
349 1229 399 1282 aut
413 1221 497 1282 viridi
514 1220 637 1282 nitidum
654 1230 742 1301 caput
756 1221 900 1301 impedire
914 1230 1011 1302 myrto

190 1310 248 1367 hut
263 1308 345 1378 llorc,
362 1315 458 1367 terrae
473 1323 561 1385 quem
579 1306 679 1367 lerunt
691 1306 813 1377 solutae,
1060 1314 1089 1366 to

144 1390 231 1452 Nunc
246 1400 276 1452 et
290 1391 319 1450 in
337 1391 483 1451 umbrosis
499 1389 600 1451 Fauno
616 1391 700 1452 decet
715 1391 858 1451 inmolare
873 1391 957 1464 lucis,

191 1477 250 1536 Seu
266 1483 368 1554 poscat
383 1480 458 1553 agna
473 1475 534 1536 sire
548 1475 630 1536 malit
643 1475 746 1536 haedo.
763 1509 805 1520 —

144 1560 253 1621 Pallida
268 1577 350 1621 mors
364 1578 460 1637 aequo
476 1560 570 1638 pulsat
587 1560 661 1640 pede
676 1577 843 1639 pauperum
858 1560 996 1620 tabernas

191 1644 366 1723 Regumque
381 1644 482 1704 turris.
528 1645 552 1705 0
569 1645 653 1704 beate
670 1644 757 1717 Sesti,

147 1730 226 1790 Vitae
241 1747 355 1790 summa
371 1728 468 1789 brevis
483 1746 567 1806 spem
583 1747 639 1789 nos
653 1736 730 1788 vetat
745 1728 885 1789 incohare
896 1728 1031 1807 longam3
1060 1736 1089 1787 lt

192 1814 252 1874 larn
269 1822 298 1874 te
314 1823 429 1892 premet
445 1831 504 1874 nox
520 1812 694 1892 fabulaeque
710 1813 812 1875 hlanes

148 1897 185 1959 Et
200 1899 305 1959 domus
320 1897 402 1958 exilis
418 1896 563 1970 Plutonia,
580 1915 639 1974 quo
654 1897 742 1958 simul
756 1898 874 1970 mearis,

190 1983 251 2043 Nec
267 2000 358 2061 regna
375 1981 434 2041 vini
450 1983 573 2042 sortiere
590 1981 654 2042 talis

147 2067 208 2127 Nec
223 2075 360 2128 tenerum
376 2066 504 2145 Lycidan
520 2065 675 2140 mirabere,
692 2085 750 2146 quo
765 2067 840 2127 calet
854 2067 989 2127 iuventus

192 2152 278 2213 Nunc
294 2151 391 2211 omnis
406 2159 435 2212 et
450 2169 517 2211 mox
532 2151 660 2228 virgines
674 2151 827 2230 tepebunt.

546 2351 568 2408 V

151 2454 223 2524 Quis
238 2452 330 2512 multa
345 2453 463 2531 gracilis
478 2463 507 2512 te
523 2469 599 2533 puer
613 2452 643 2511 in
661 2470 727 2514 rosa

151 2539 291 2598 Perfusus
306 2536 424 2616 liquidis
439 2545 526 2613 urget
541 2536 682 2597 odoribus

195 2621 295 2692 Grato,
312 2621 431 2699 Pyrrha,
448 2621 503 2682 sub
519 2619 628 2682 antro?

247 2704 299 2766 Cui
315 2704 416 2764 llavam
433 2705 538 2784 religas
553 2723 677 2775 comam,

150 2806 279 2886 Simplex
295 2804 469 2867 munditiis?
484 2809 542 2867 heu
558 2807 694 2885 quotiens
708 2807 795 2866 fidem

151 2893 336 2969 hlutatosque
351 2890 423 2952 deos
438 2891 520 2952 llebit
536 2902 565 2952 et
580 2910 683 2971 aspera

196 2976 292 3055 Nigris
306 2994 434 3054 aequora
451 2977 544 3037 ventis

247 3060 427 3120 Emirabitur
442 3061 583 3133 insolens

152 3162 208 3232 Qui
225 3179 307 3222 nunc
322 3170 352 3222 te
367 3162 477 3222 fruitur
492 3160 630 3221 credulus
645 3178 742 3231 aurea,

152 3246 208 3317 Qui
224 3263 341 3324 semper
356 3264 486 3319 vacuam,
503 3263 619 3324 semper
634 3244 786 3305 amabilem

198 3331 313 3409 Sperat,
330 3330 447 3392 nescius
462 3348 550 3390 aurae

247 3413 391 3475 Fallacis‘l
405 3449 448 3459 -
463 3414 569 3486 Miseri,
587 3414 693 3493 quibus

150 3513 324 3592 lntemptata
342 3515 434 3575 nites:
450 3532 498 3574 me
513 3513 611 3574 tabula
627 3531 710 3574 sacer

151 3597 251 3658 Votiva
266 3598 363 3676 paries
378 3599 487 3659 indicat
502 3597 585 3659 uvida

198 3681 394 3761 Suspendisse
409 3683 524 3761 potenti

249 3767 428 3830 Vestimenta
445 3767 533 3827 maris
548 3767 613 3827 deo.

95 3846 229 3858 *—

113 3895 143 3948 lV
160 3915 184 3950 v.
202 3901 218 3951 8
236 3899 306 3965 uritl
324 3902 354 3951 tt
373 3914 463 3963 agnam
478 3898 482 3966 1
498 3898 594 3950 haedos
612 3899 648 3962 (o)
667 3895 776 3948 haedum
795 3895 861 3944 Ba?

115 3962 172 4018 Vn.
193 3970 225 4019 14
242 3966 345 4017 humida
363 3968 398 4031 (a)
