2474 4440
364 209 537 263 GARMlNUlll
554 212 584 264 lll
602 215 626 266 2.
645 217 668 267 3.

110 378 258 458 suspiret:
271 372 369 454 ‘eheu,
386 400 424 442 ne
441 383 522 443 rudis
538 384 687 461 agminum

109 463 242 543 Sponsus
257 464 381 526 lacessat
395 468 495 544 regius
510 486 647 546 asperum

151 549 244 610 Taotu
260 549 386 624 leonem,
402 570 489 628 quern
507 562 630 612 eruenta

202 635 258 694 Per
273 634 382 695 medias
398 636 474 714 rapit
489 636 531 696 ira
547 629 667 697 caedes.²
685 673 726 682 -

108 751 196 812 Dulce
212 763 242 812 ot
257 753 397 813 decorum
413 763 458 813 est
474 772 528 832 pro
545 756 638 832 patria
654 758 740 817 mori.

106 836 184 897 lllors
200 847 229 896 et
244 838 376 915 fugacem
393 839 584 916 persequitur
598 840 692 901 virum

150 922 211 982 Neo
226 924 322 1000 parcit
336 921 454 983 inbellis
470 923 605 983 iuventae

200 1006 366 1084 Poplitibus
381 1006 519 1066 timidone
535 1018 628 1087 tergo.

105 1123 211 1196 Virtus
229 1124 363 1203 repulsae
379 1125 477 1185 nescia
493 1125 635 1199 sordidae,

107 1209 288 1269 lutamiuatis
303 1209 395 1288 fulget
410 1209 573 1270 honoribus

148 1293 209 1354 Neo
225 1295 315 1355 sumit
329 1305 379 1354 aut
394 1295 479 1373 ponit
493 1295 605 1355 securis

200 1378 329 1438 Arbitrio
346 1379 498 1457 popularis
513 1398 610 1440 aurae.

106 1495 210 1568 Virtus,
227 1496 383 1557 recludens
397 1497 543 1557 inmeritis
558 1498 633 1557 mori

105 1580 233 1650 Caelum,
250 1591 354 1659 negata
370 1590 494 1660 temptat
509 1582 566 1642 iter
580 1583 623 1642 via

147 1665 315 1745 Coetusque
331 1666 455 1743 volgaris
471 1677 500 1727 et
515 1666 601 1726 udam

200 1751 320 1829 Spernit
334 1752 457 1811 humum
473 1752 606 1829 fugiente
621 1752 723 1830 pinna.

102 1866 153 1928 Est
169 1876 198 1928 et
213 1868 291 1928 fideli
306 1877 368 1928 tuta
383 1869 502 1929 silentio

103 1952 228 2013 llerces:
243 1953 358 2026 vetabo,
376 1954 425 2031 qui
442 1953 557 2014 Cereris
572 1972 688 2013 suorum

149 2037 277 2116 Volgarit
292 2056 425 2109 arcanae,
441 2038 495 2098 sub
512 2038 604 2098 isdem

198 2122 241 2182 Sit
256 2121 389 2183 trabibus
404 2123 572 2200 fragilemve
588 2141 703 2183 meeum

103 2239 197 2299 Solvet
214 2239 371 2317 phaselon:
388 2259 476 2320 saepe
495 2241 638 2319 Diespiter

101 2322 257 2403 Neglectus
272 2325 386 2386 incesto
402 2325 512 2386 addidit
526 2326 686 2403 integrum,

147 2409 225 2470 Raro
242 2411 465 2471 antecedentem
481 2410 638 2471 scelestum

197 2494 333 2554 Deseruit
347 2495 422 2573 pede
439 2494 537 2555 Poena
554 2495 666 2555 claudo.

493 2747 533 2806 lll

99 2862 210 2925 lustum
227 2872 256 2924 et
271 2873 405 2924 tenacem
422 2865 567 2944 propositi
582 2865 677 2926 virum

99 2948 162 3007 Non
181 2949 286 3010 civium
302 2951 389 3009 ardor
405 2968 492 3027 prava
509 2949 686 3021 iubentium,

145 3034 211 3094 Non
227 3034 323 3094 voltus
338 3035 474 3095 instantis
486 3034 604 3113 tyranni

193 3119 292 3179 Mente
308 3119 401 3196 quatit
415 3119 506 3179 solida
525 3137 622 3195 neque
638 3122 755 3192 Auster,

97 3235 160 3296 Dux
177 3237 301 3314 inquieti
316 3236 451 3297 turbidus
466 3236 601 3309 Hadriae,

97 3319 155 3380 Nee
172 3321 357 3381 fulminantis
371 3339 476 3399 magna
496 3338 602 3381 manus
618 3320 709 3381 lovis:

142 3406 173 3466 Si
189 3407 299 3465 fruetus
314 3405 461 3466 inlabatur
477 3405 567 3473 orbis

192 3490 373 3569 lmpavidurn
390 3491 497 3550 ferient
513 3491 626 3550 ruinae.

97 3627 168 3634 -—-

97 3759 117 3792 o.
146 3744 177 3795 16
201 3742 343 3809 timidoque
372 3750 376 3807 Ι
403 3744 435 3793 tt
460 3741 652 3806 uo(s.uu)lgauit
679 3741 683 3807 Ι
711 3739 1039 3806 tetragilemve1130ntt.:

97 3826 135 3932 [pe
144 3882 160 3930 4
178 3879 290 3930 solidum
309 3893 356 3928 nee
374 3878 442 3929 Mar.
463 3877 531 3928 Viot.
548 3892 576 3940 p.
596 3878 652 3939 180,
673 3877 704 3928 29
723 3876 752 3927 K.

753 3961 785 4011 4*
