2474 4440
578 182 751 235 CARMlNUM
768 182 788 234 11
808 185 846 235 18.
867 185 907 236 19.

340 359 418 430 Quid
433 358 513 436 quod
528 374 623 435 usque
638 355 788 435 proximos

386 442 512 504 Revellis
527 441 589 520 agri
606 439 748 502 terminos
762 447 792 500 et
806 439 883 500 ultra

270 540 298 590 25
342 528 463 589 Limites
479 526 630 587 clientium
883 519 884 522 ’

387 612 461 673 Salis
476 607 600 671 avarus?
616 608 735 688 pellitur
749 616 889 689 paternos

341 697 375 757 ln
391 697 460 758 sinu
475 697 575 757 serens
590 694 661 754 deos

387 781 426 842 Et
441 799 516 841 uxor
531 789 561 840 et
574 780 619 838 vir
633 777 828 854 sordidosque
845 784 938 836 natos.

339 867 424 928 Nulla
440 865 550 926 certior
564 874 661 923 tamen

267 964 295 1015 ao
381 951 506 1029 Rapacis
523 948 593 1009 Orci
608 948 668 1007 fine
683 944 828 1006 destinata

341 1037 413 1096 bula
428 1034 545 1095 divitem
562 1039 662 1092 manet

386 1121 487 1180 Erum.
519 1117 595 1188 Quid
613 1115 689 1175 ultra
704 1109 823 1175 tendis?
838 1129 930 1189 aequa
947 1110 1033 1172 tellus

342 1204 466 1284 Pauperi
486 1202 648 1262 recluditur

387 1289 561 1367 Regumque
577 1284 677 1364 pueris
693 1299 749 1342 nee
763 1280 880 1341 satelles
895 1279 964 1340 Oroi

270 1383 299 1432 ao
343 1372 484 1434 Callidum
499 1369 676 1431 Promethea

387 1457 508 1518 Revexit
523 1473 595 1515 auro
611 1462 723 1531 captus.
754 1449 808 1509 llic
824 1447 984 1526 superbum

342 1542 496 1603 Tantalum
512 1549 600 1617 atque
617 1535 731 1597 Tantali

389 1627 489 1686 Genus
504 1631 630 1695 coercet,
646 1622 694 1681 hio
709 1620 804 1680 levare
820 1617 955 1676 lunatum

341 1710 503 1790 Pauperem
521 1707 670 1768 laboribus

391 1797 515 1855 Vocatus
531 1802 618 1870 atque
634 1809 695 1850 non
711 1795 831 1847 vocatus
846 1783 934 1844 audit.

675 1939 824 1949 ——-——

713 2038 780 2099 XIX

348 2164 497 2225 Bacchum
514 2163 544 2222 in
561 2160 681 2222 remotis
696 2157 826 2218 carmina
844 2153 968 2234 rupibus

346 2249 409 2309 Vidi
424 2249 590 2320 docentem,
606 2243 717 2306 credite
732 2241 853 2321 posteri,

391 2333 597 2413 Nymphasque
612 2327 752 2391 discentis
768 2334 797 2386 et
811 2324 890 2385 auris

443 2416 640 2495 Capripedum
656 2414 828 2492 Satyrorum
844 2417 952 2469 acutas.

289 2546 303 2595 a
346 2534 458 2608 Euboe,
474 2534 588 2596 recenti
604 2550 688 2593 mens
702 2529 830 2608 trepidat
845 2534 926 2588 metu

346 2621 499 2698 Plenoque
514 2618 620 2679 Raccbi
637 2625 756 2695 pectore
771 2612 922 2673 turbidum

306 2759 310 2768 .
392 2705 546 2765 Laetaturl
570 2703 674 2773 euhoe,
690 2717 777 2779 parce
792 2697 889 2768 Liber,

442 2789 544 2859 Parce,
561 2786 639 2866 gravi
656 2783 816 2845 metuende
832 2777 948 2860 thyrsol

347 2908 402 2968 Fas
417 2905 577 2986 pervicacis
593 2911 638 2965 est
652 2903 723 2962 mihi
739 2900 883 2980 Thyiadas

278 3003 306 3054 10
350 2992 476 3070 Vinique
492 2992 603 3050 fontem
619 2988 701 3048 laetis
717 2996 747 3046 et
760 2986 867 3046 uberes

394 3076 518 3137 Cantare
534 3075 610 3134 rivos
625 3081 713 3149 atque
727 3070 841 3130 truncis

444 3159 538 3238 Lapsa
553 3158 630 3218 cavis
646 3156 751 3216 iterare
766 3154 861 3227 mella,

347 3277 403 3338 Fas
418 3285 447 3338 et
462 3275 564 3336 beatae
580 3272 715 3351 coniugis
730 3270 860 3332 additum

347 3362 444 3423 Stellis
458 3362 602 3421 honorem
617 3366 753 3434 tectaque
768 3353 892 3415 Penthei

250 3489 255 3499 .
276 3457 305 3507 to
390 3446 516 3508 Disiecta
531 3462 592 3504 non
609 3443 668 3504 leni
685 3441 770 3501 ruina

444 3529 567 3590 Thracis
582 3537 612 3589 et
627 3526 747 3588 exitium
762 3522 899 3604 Lycurgi.

306 3781 384 3834 xvlll
402 3797 424 3832 o.
443 3784 476 3833 30
495 3780 596 3847 capacis
609 3777 694 3829 Bentl.
710 3775 714 3844 Ι
730 3775 790 3827 sede
803 3776 838 3839 (o)
851 3771 957 3837 (Bentl.)
971 3771 975 3836 Ι
992 3767 1121 3829 3101111

217 3868 300 3903 mann
318 3851 468 3902 Horatiana
482 3864 510 3914 p.
529 3849 560 3900 41
568 3863 606 3910 sq.
