2474 4440
128 261 189 319 132
532 261 721 314 sarianum!
739 262 749 313 l
767 264 791 314 3.

211 437 353 496 Porrecto
377 434 478 513 iugulo
499 434 637 496 historias
659 435 792 513 captivus
814 443 846 495 ut
867 434 957 496 audit.

139 531 168 581 90
212 521 383 582 Conminxit
405 520 513 581 lectum
537 529 625 598 potus
647 538 784 580 mensave
806 520 934 580 catillum

211 606 343 666 Euandri
365 605 503 666 manibus
524 605 625 665 tritum
648 605 768 665 deiecit:
792 605 830 665 ob
853 605 931 665 hanc
952 623 1015 665 rem

212 693 269 751 Ant
291 691 420 770 positum
443 700 511 750 ante
533 708 598 750 mea
621 690 689 768 quia
712 690 825 769 pullum
846 691 876 751 in
900 699 982 768 parte
1006 692 1100 752 catini

213 777 337 837 Sustulit
360 776 503 846 esuriens,
526 776 625 836 minus
646 774 704 835 boc
726 776 873 836 iucundus
895 775 1006 836 amicus

212 861 256 922 Sit
278 859 371 922 mibi‘l
394 860 472 931 Quid
494 860 608 934 faciam,
631 861 656 920 si
679 861 790 920 furtum
812 860 917 921 fecerit
938 871 988 920 aut
1009 861 1035 922 si

140 955 169 1004 aa
212 946 378 1007 Prodiderit
401 945 549 1006 conmissa
571 946 627 1005 fide
650 964 828 1023 sponsumve
852 943 986 1023 negarit?

212 1031 285 1102 Quis
308 1031 389 1109 paria
411 1048 476 1091 esse
497 1031 560 1090 fere
583 1031 693 1108 placuit
715 1041 843 1109 peccata,
867 1030 1012 1103 laborant,

213 1117 287 1177 Cum
311 1125 430 1176 ventum
454 1116 488 1175 ad
512 1134 613 1175 verum
637 1124 695 1189 est;
725 1135 831 1176 sensus
853 1133 1010 1195 moresque
1034 1126 1209 1196 repugnant

213 1206 309 1280 Atque
332 1202 394 1279 ipsa
417 1200 536 1274 militae,
560 1201 628 1261 iusti
651 1219 745 1279 prope
766 1209 859 1261 mater
881 1208 911 1260 et
932 1199 1029 1278 aequi.
1052 1235 1097 1246 -—

215 1284 289 1347 Cum
311 1295 527 1366 prorepserunt
549 1286 652 1363 primis
674 1286 808 1346 animalia
831 1287 926 1354 terrie,
1036 1311 1039 1315 ·

214 1371 328 1432 blutnm
344 1380 373 1432 et
388 1382 475 1449 turpe
491 1389 592 1448 pecus,
608 1371 744 1448 glandem
761 1380 848 1449 atque
864 1369 970 1430 cubilia
985 1379 1115 1449 propter

212 1456 367 1534 Unguibus
390 1465 420 1516 et
442 1456 560 1535 pugnis,
583 1455 651 1515 dein
675 1456 810 1529 fustibus,
835 1464 922 1534 atque
944 1455 982 1514 ita
1005 1473 1102 1533 porro

213 1542 390 1619 Pugnabant
411 1541 510 1612 armis,
534 1559 608 1619 quae
631 1551 699 1620 post
721 1540 912 1602 fabricaverat
934 1558 1015 1612 usus,

215 1627 316 1688 Donec
338 1626 436 1699 rerba,
460 1625 568 1704 quibus
590 1644 677 1686 voces
699 1645 864 1704 sensusque
887 1634 1037 1699 notarent,

213 1713 398 1791 Nominaqne
420 1712 577 1786 invenere3
600 1711 708 1771 debinc
730 1711 872 1772 absistere
895 1710 982 1783 bello,

130 1805 171 1856 lob
216 1797 330 1877 Oppida
354 1807 520 1877 coeperunt
540 1796 658 1857 munire
681 1805 710 1856 et
732 1814 845 1874 ponere
866 1796 957 1874 leges,

213 1882 324 1960 Nequis
346 1885 393 1942 fur
416 1892 493 1942 esset
516 1900 574 1942 nen
598 1881 673 1941 latro
696 1882 824 1960 neuquis
846 1881 968 1941 adulter.

212 1966 284 2027 Nam
307 1968 363 2027 luit
385 1977 453 2027 ante
476 1966 618 2026 Helenam
642 1985 761 2027 cunnus
782 1967 948 2027 taeterrima
971 1963 1042 2025 belli

214 2049 316 2126 Causa,
339 2052 389 2112 sed
413 2052 522 2130 ignotis
544 2052 700 2131 perierunt
722 2051 866 2112 mortibus
888 2051 939 2121 illi,

214 2136 301 2214 Quos
318 2138 463 2196 Venerem
487 2136 631 2196 incertam
654 2137 797 2215 rapientis
818 2154 900 2196 more
923 2136 1055 2196 ferarum

213 2221 331 2282 Viribus
354 2221 460 2281 editior
483 2221 630 2293 caedebat
653 2221 738 2281 utin
761 2240 850 2300 grege
871 2229 982 2281 taurus.

214 2305 281 2366 lura
304 2308 422 2366 inventa
445 2314 525 2366 metu
548 2306 648 2366 iniusti
672 2307 781 2366 fateare
804 2324 925 2366 necesse
947 2315 1000 2378 est,

138 2446 141 2451 .
214 2390 360 2470 Tempora
384 2391 408 2451 si
430 2393 581 2469 fastosque
603 2391 674 2452 velis
697 2392 828 2451 evolvere
850 2390 963 2451 mnndi.

214 2476 275 2536 Nec
298 2487 401 2536 natura
423 2485 522 2555 potest
544 2476 620 2537 iusto
642 2492 801 2537 secernere
823 2476 968 2554 iniquum,

215 2561 321 2622 Dividit
342 2573 375 2622 ut
396 2561 475 2622 bona
498 2561 628 2633 diversis,
651 2562 791 2640 fugienda
812 2561 958 2640 petendis,

215 2645 276 2706 Nec
299 2647 394 2707 vincet
417 2647 491 2707 ratio
514 2646 580 2717 boc,
604 2647 776 2707 tantundem
800 2655 834 2706 ut
855 2654 958 2724 peccet
980 2644 1122 2722 idemque

215 2730 272 2800 Qui
293 2740 413 2793 teneros
435 2732 526 2792 caulis
548 2731 636 2791 alieni
659 2732 780 2810 fregerit
802 2731 880 2792 borti

215 2816 252 2876 Et
274 2818 324 2895 qni
349 2827 515 2878 nocturnus
537 2835 619 2877 sacra
642 2816 739 2877 divum
762 2816 881 2894 legerit:
906 2814 980 2875 adsit

214 2901 335 2980 Regula,
358 2902 486 2982 peccatis
509 2919 583 2979 qnae
606 2920 719 2980 poenas
741 2902 860 2980 inroget
880 2918 997 2978 aequas

214 2986 257 3046 Ne
279 2988 389 3047 scutica
412 2988 534 3064 dignum
557 2986 691 3047 horribili
713 2995 827 3047 sectere
848 2985 971 3065 flagello.

214 3072 285 3131 Nam
309 3082 343 3133 nt
364 3072 457 3132 ferula
479 3072 582 3132 caedas
604 3073 741 3132 meritum
765 3072 875 3132 maiora
897 3069 999 3131 subire

215 3156 354 3229 Verbera,
377 3177 438 3217 non
461 3175 575 3229 vereor,
600 3175 667 3217 cum
690 3158 769 3218 dicas
792 3176 856 3218 esse
878 3155 957 3236 paris
980 3172 1029 3215 res

217 3239 307 3300 Furta
328 3242 490 3302 latrociniis
512 3250 541 3301 et
562 3243 677 3321 magnis
699 3260 787 3320 parva
809 3241 931 3303 mineris

216 3323 302 3384 Falce
325 3327 487 3386 recisurum
511 3327 598 3387 simili
621 3337 658 3400 te,
681 3328 705 3388 si
728 3327 781 3388 tibi
803 3345 928 3407 regnum

216 3409 392 3470 Permittant
414 3411 558 3472 homines.
604 3412 635 3471 Si
658 3413 746 3487 dives,
771 3413 822 3491 qni
844 3412 963 3491 sapiens
986 3417 1040 3483 est,

131 3503 173 3552 125
215 3493 253 3554 Et
275 3506 358 3555 sutor
379 3495 478 3556 bonus
500 3505 529 3555 et
550 3497 630 3557 solus
653 3499 801 3559 formosus
824 3507 853 3558 et
875 3505 1004 3568 estreis,

216 3578 276 3639 Cur
299 3590 383 3658 optas
406 3581 483 3658 qnod
508 3579 618 3642 babes?
659 3575 744 3642 ‘Nou
769 3582 862 3654 nosti,
892 3580 964 3660 qnid
985 3567 1082 3659 pater’
1110 3575 1206 3656 inquit

212 3657 408 3745 ‘Chrysippus
431 3665 521 3726 dicat:
545 3666 663 3746 sapiens
685 3667 820 3746 crepidas
842 3666 897 3728 sibi
922 3681 1085 3744 numquam

131 3797 334 3807 *-

217 3883 246 3935 lll
263 3901 287 3935 o.
309 3888 355 3936 tor
381 3883 514 3936 deterrima
543 3885 548 3952 Ι
577 3888 623 3937 111
648 3883 735 3935 diuum
758 3900 829 3937 sacra
855 3885 860 3952 Ι
890 3887 938 3938 119
962 3898 1010 3936 neo
1036 3883 1041 3950 Ι
1071 3883 1200 3937 lterum

130 3953 164 4002 A.
184 3953 285 4003 Palmer
300 3953 304 4020 Ι
322 3955 369 4006 128
388 3968 438 4019 quo
