2474 4440
401 240 573 294 CthllNUll
591 241 622 294 tv
642 247 665 296 t.
685 248 718 297 5.·

139 412 212 473 Non
238 412 328 492 hydra
352 421 433 473 secto
456 432 583 492 corpore
606 416 719 476 firmior

139 497 232 557 Vinci
256 497 403 557 dolentem
426 499 517 559 crevit
540 500 569 559 in
594 500 750 560 Herculem

196 583 396 643 Monstrumre
419 584 583 644 submisere
608 584 706 644 Colchi

247 666 338 727 Maius
360 666 555 729 Echioniaeve
579 669 706 730 Thebae.

142 783 259 846 Merses
280 786 440 864 profundo,
464 786 617 865 pulchrior
639 787 750 860 evenit;

144 868 286 943 Luctere,
309 871 399 931 multa
422 881 545 950 proruet
569 872 717 951 integrum

197 955 271 1015 Cum
293 956 377 1016 laude
400 957 541 1016 victorem
564 967 706 1036 geretque

248 1040 361 1101 Proelia
385 1041 561 1120 coniugibus
584 1041 742 1120 loquenda.

147 1157 318 1237 Carthagini
342 1159 397 1219 iam
423 1178 481 1219 non
506 1179 562 1239 ego
586 1161 706 1222 nuntios

147 1243 262 1305 Mittam
284 1243 446 1322 superbos:
470 1245 586 1318 occidit,
610 1246 716 1306 occidit

196 1329 270 1407 Spes
294 1329 390 1390 omnis
412 1338 441 1389 et
464 1330 581 1391 fortuna
604 1331 698 1392 nostri

247 1413 381 1474 Nominis
404 1413 585 1476 flasdrubafe
608 1407 805 1494 interempto?
830 1450 870 1458 -

149 1531 195 1591 Nil
219 1531 356 1593 Claudiae
381 1551 440 1593 non
464 1533 623 1611 perficiunt
645 1551 758 1607 manus,

152 1617 230 1686 Quas
254 1628 283 1677 et
307 1616 438 1696 henigne
462 1617 585 1678 numine
609 1618 742 1696 luppiter

196 1702 333 1763 Defendit
356 1712 385 1763 et
407 1721 495 1764 curae
518 1720 636 1781 sagaces

250 1786 418 1866 Expediunt
440 1806 494 1867 per
516 1795 600 1847 acuta
623 1787 701 1848 belli.

488 1943 638 1951 -—-——

547 2075 568 2131 p

154 2190 231 2251 Divis
254 2200 318 2251 orte
340 2192 436 2265 bonis,
460 2192 570 2270 optime
593 2191 735 2253 Romulae

153 2275 256 2336 Custos
278 2277 384 2354 gentis,
407 2277 477 2338 abes
499 2277 556 2337 iam
581 2277 702 2337 nimium
727 2277 792 2337 diu:

152 2361 297 2420 Maturum
320 2361 446 2422 reditum
469 2361 617 2441 pollicitus
640 2372 756 2441 patrum

229 2445 338 2505 Sancto
362 2447 486 2507 consilio
509 2447 583 2506 redi.

152 2562 262 2624 Lucem
284 2565 373 2625 redde
396 2573 474 2638 tuae,
496 2565 554 2624 dux
577 2564 665 2636 hone,
689 2565 815 2643 patriae:

152 2646 247 2709 instar
268 2649 345 2709 veris
367 2649 446 2710 enim
469 2650 565 2711 voltus
587 2650 637 2710 ubi
661 2660 729 2710 tuus

154 2733 279 2794 adfulsit
301 2735 423 2814 populo,
447 2735 558 2812 gratior
580 2735 603 2795 it
625 2735 688 2795 dies

228 2817 266 2878 Et
288 2819 365 2880 soles
387 2819 491 2879 melius
515 2821 619 2880 nitent.

154 2933 191 2993 Ut
213 2944 306 2996 mater
329 2937 474 3010 iuvenem,
499 2956 586 3015 quem
609 2939 702 2998 h'otus
726 2934 825 2995 invido

152 3016 234 3079 Flatu
259 3020 406 3100 Carpathii
429 3030 510 3083 trans
533 3023 622 3083 maris
645 3039 772 3100 aequora

154 3102 347 3166 Cunctantem
370 3106 465 3186 spatio
489 3107 606 3186 longius
628 3125 729 3167 annuo

228 3190 311 3251 Dulci
335 3191 490 3253 distincta
514 3192 611 3261 domo,

152 3305 234 3368 Votis
257 3309 464 3387 ominibusque
487 3317 516 3369 et
539 3309 676 3387 precihus
699 3318 794 3381 vocat,

153 3390 246 3453 Curvo
270 3413 325 3454 nec
348 3395 452 3454 faciem
475 3394 560 3454 litore
583 3395 719 3465 dimovet,

99 3538 226 3553 Ἢ-

114 3640 141 3689 lV
160 3660 182 3696 o.
202 3646 233 3696 65
253 3659 351 3696 mersus
367 3645 372 3711 Ι
387 3646 419 3695 66
437 3645 534 3709 proruit
552 3646 587 3708 (o)
602 3643 607 3710 Ι
622 3645 653 3697 67
674 3645 790 3709 geritque
808 3644 843 3704 (o)
859 3639 863 3706 Ι
878 3656 901 3690 o.
922 3639 1022 3690 73-76
1046 3638 1100 3688 Ho-

99 3714 243 3763 'tridurmt
263 3713 436 3776 scholiastae,
462 3710 594 3762 Hannibali
620 3712 741 3777 plerique
767 3710 882 3759 editores
900 3709 1061 3757 recentiores
1094 3708 1099 3769 Ι

100 3776 219 3844 erficiunt]
239 3781 277 3831 Bu
304 3783 353 3844 (o):
373 3779 505 3846 perficient
996 3840 1022 3853 ..

113 3845 132 3893 V
150 3864 174 3897 o.
194 3852 209 3900 t
228 3848 345 3910 consilio]
370 3851 414 3912 (o),
432 3848 501 3899 Mar.
523 3847 592 3898 Viet.
607 3863 635 3912 p.
656 3850 712 3911 ill,
731 3849 745 3897 5
766 3844 793 3896 K.
818 3844 909 3908 (Fealz
929 3841 1073 3892 concrhoo
1096 3844 1101 3902 Ι

114 3916 168 3982 (ml
202 3920 234 3968 14
252 3915 372 3967 dentonet
390 3918 425 3980 (o)
