2474 4440
364 245 535 298 catamitum
552 247 562 299 l
580 252 604 302 9.
624 251 662 300 to.
682 251 721 303 11.

132 421 219 482 Nunc
235 430 264 481 et
278 421 395 482 latentis
410 422 545 500 proditor
559 423 663 482 intimo

134 506 241 568 Gratus
257 506 370 584 puellae
386 507 462 567 risus
477 507 513 567 ab
529 507 638 584 angulo

180 591 352 669 Pignusque
367 591 520 669 dereptum
537 591 652 652 lacertis

223 678 282 736 Aut
295 675 385 752 digito
400 675 475 735 male
490 675 643 761 pertinaci.

529 877 554 936 X

133 991 271 1067 Mercuri,
289 995 415 1055 facunde
430 1013 523 1073 nepos
539 995 673 1068 Atlantis,

134 1077 192 1148 Qui
206 1079 287 1139 leros
303 1079 400 1141 cultus
415 1079 568 1140 bominum
585 1090 739 1141 recentum

134 1162 213 1223 Voce
230 1164 361 1224 formasti
378 1172 459 1224 catus
474 1174 503 1224 et
519 1164 643 1225 decorae

211 1247 293 1308 blore
308 1249 479 1326 palaestrae,

135 1365 175 1425 Te
191 1383 306 1438 canam,
322 1367 419 1445 magni
434 1366 511 1427 lovis
526 1375 555 1426 ot
570 1366 692 1427 deorum

134 1450 279 1511 Nuntium
295 1469 458 1530 curvaeque
474 1451 554 1531 lyrae
570 1460 734 1531 parentem,

134 1533 274 1594 Callidum
291 1535 431 1615 quidquid
448 1535 559 1614 placuit
574 1536 674 1597 iocoso

211 1619 345 1681 Condere
360 1621 451 1680 furto.

136 1737 187 1810 Te,
204 1736 294 1798 boves
310 1737 378 1798 olim
395 1737 451 1797 nisi
467 1737 642 1799 reddidisses

81 1855 83 1857 ·
133 1822 189 1882 Per
204 1821 304 1882 dolum
319 1829 439 1894 amotas,
456 1840 581 1900 puerum
598 1823 705 1882 minaci

134 1905 212 1967 Voce
229 1905 298 1966 dum
314 1914 416 1980 terret,
431 1907 536 1968 viduus
552 1907 689 1985 pharetra

209 1990 284 2052 Risit
298 1991 412 2070 Apollo.

134 2109 211 2179 Quin
226 2117 259 2175 et
273 2110 389 2169 Atridas
404 2109 478 2171 duce
493 2117 523 2170 te
538 2107 684 2188 superbos

133 2193 185 2254 llio
201 2193 281 2254 dives
296 2193 430 2254 Priamus
445 2195 548 2255 relicto

134 2278 349 2357 Thessalosque
363 2279 440 2357 ignis
455 2287 485 2339 et
499 2279 600 2357 iniqua
615 2277 719 2338 l'roiae

211 2362 310 2424 Castra
326 2363 437 2424 fefellit.

135 2479 179 2539 Tu
195 2482 259 2559 pias
273 2480 357 2542 laetis
372 2482 485 2542 animas
500 2480 621 2560 reponis

134 2563 260 2626 Sedibus
275 2566 413 2645 virgaque
429 2567 520 2626 levem
537 2582 657 2626 coerces

134 2648 229 2710 Aurea
244 2650 372 2722 turbam,
388 2650 505 2730 superis
519 2649 643 2710 deorum

211 2733 317 2795 Gratus
333 2744 363 2795 ct
377 2735 453 2795 imis.

521 2935 559 2995 xl

135 3052 180 3113 'lu
195 3072 234 3114 ue
249 3053 410 3132 quaesieris
424 3086 438 3098 ·
454 3053 531 3114 scire
547 3054 628 3114 nolas
646 3086 669 3126 ·,
686 3071 772 3130 quem
788 3052 870 3125 mibi,
886 3072 974 3131 quem
990 3055 1042 3115 tibi

135 3136 238 3198 Finem
254 3138 284 3199 di
299 3138 444 3210 dederint,
460 3138 629 3210 Leuconoe,
646 3155 700 3197 nec
715 3136 892 3217 Babylonios

135 3222 300 3302 Temptaris
317 3241 471 3283 numeros:
490 3233 522 3283 ut
536 3223 640 3283 melius
656 3221 796 3300 quidquid
813 3222 869 3282 erit
883 3223 958 3301 patil

135 3306 193 3367 Seu
209 3307 303 3386 pluris
317 3307 429 3368 hiemes
443 3325 497 3368 seu
512 3306 615 3367 tribuit
629 3307 762 3386 luppiter
776 3307 918 3378 ultimam,

136 3423 218 3493 Quae
235 3444 316 3485 nunc
332 3424 476 3504 oppositis
492 3423 624 3485 debilitat
639 3424 805 3503 pumicibus
821 3442 900 3484 mare
1021 3437 1036 3485 5

136 3509 334 3588 Tyrrhenum,
349 3510 455 3589 sapias,
471 3509 537 3569 vina
552 3509 647 3588 liques
662 3518 691 3569 et
705 3509 800 3588 spatio
816 3509 898 3569 brevi

79 3645 82 3650 ,
137 3592 226 3672 Spem
241 3594 360 3673 longam
376 3594 507 3655 resecesl
530 3630 572 3638 —
595 3594 669 3654 Dum
685 3593 843 3673 loquimur,
858 3593 967 3672 sugerit
982 3593 1079 3655 invida

136 3679 236 3739 Aetas:
254 3698 342 3759 carpe
358 3680 434 3740 diem
451 3696 539 3758 quam
557 3679 709 3738 minimum
727 3677 846 3738 credula
862 3688 993 3756 postero.

94 3807 117 3858 X
135 3825 158 3861 o.
178 3813 190 3862 1
211 3810 318 3863 Mercuri
337 3812 453 3875 iocunde,
471 3826 551 3878 nepos
570 3827 615 3876 og.
635 3815 697 3861 ante
714 3810 799 3861 berall.
816 3808 820 3874 Ι
838 3812 869 3861 14
887 3808 976 3860 relicta
993 3807 1080 3860 Lacla-

10 3890 126 3926 mamrus
142 3879 176 3940 (a.
197 3881 272 3944 1845)
291 3879 324 3929 kt.
344 3879 419 3932 Scbr.
438 3881 556 3944 1183sq.

94 3942 179 3997 ittet
189 3946 355 4011 dederuntm)
370 3948 374 4013 Ι
390 3949 468 4013 beqq.
479 3948 540 4013 peti,
551 3961 596 3998 seu
606 3944 801 4012 ..Tyrrhenum
811 3945 922 3995 otn'mi'l.
937 3944 972 3995 ol.
988 3942 993 4011 Ι
1010 3945 1079 4010 5qui
