2474 4440
252 926 807 1024 CARMINUM

396 1127 490 1178 LlBER
509 1125 669 1186 QUARTUS.

527 1297 539 1356 1

127 1416 301 1489 Intermissa,
325 1415 433 1489 Venus,
457 1416 505 1475 diu

169 1502 283 1563 Rursus
305 1500 381 1562 bella
403 1497 524 1561 moves?
547 1519 645 1578 parce,
669 1519 784 1579 precor,
808 1519 930 1580 precor:

124 1586 188 1646 Non
211 1604 277 1646 sum
302 1585 395 1664 qualis
417 1603 496 1645 eram
519 1584 615 1645 bonae

170 1670 231 1730 Sub
255 1688 349 1748 regno
373 1670 504 1730 Cinarae.
550 1669 667 1742 Desine,
690 1669 818 1730 dulcium

125 1755 216 1816 Mater
238 1774 320 1815 saeva
344 1754 531 1835 Cupidinum,

172 1840 254 1900 Circa
277 1840 369 1901 lustra
392 1840 493 1900 decem
516 1840 635 1899 llectere
658 1838 795 1899 mollibus

123 1922 185 1987 Iam
209 1925 315 1984 durum
338 1924 484 2004 imperiis;
507 1923 563 1998 abi,

171 2008 236 2078 Quo
258 2009 382 2069 blandae
406 2009 544 2070 iuvenum
568 2018 596 2068 te
619 2018 758 2068 revocant
780 2027 900 2086 preces:

125 2093 338 2173 Tempestivius
360 2094 390 2153 iu
414 2095 534 2154 domum

171 2178 273 2251 Paulli,
297 2178 456 2256 purpureis
478 2177 537 2238 ales
560 2177 701 2251 oloribus,

126 2261 326 2323 comissabere
349 2262 475 2336 Maximi,

173 2347 203 2407 Si
226 2358 339 2408 torrere
361 2348 444 2408 iecur
467 2345 584 2425 quaeris
606 2347 760 2420 idoneum;

128 2431 259 2509 Namque
282 2442 312 2492 el
334 2432 441 2492 nobilis
464 2442 493 2491 el
515 2431 625 2491 decens

171 2516 208 2575 Et
230 2535 285 2595 pro
308 2517 440 2578 sollicitis
464 2535 523 2576 non
548 2515 653 2575 tacitus
676 2515 732 2576 reis

128 2600 165 2660 Et
188 2612 307 2661 centum
330 2619 406 2681 puer
427 2600 532 2660 artium

172 2685 244 2745 Late
266 2686 348 2764 signa
372 2687 447 2746 seret
468 2685 586 2745 militiae
608 2694 675 2744 luae

127 2768 164 2829 El
185 2772 364 2849 quandoque
386 2770 537 2849 potentior

172 2854 259 2933 Largi
281 2854 456 2915 muneribus
478 2853 575 2914 riserit
596 2853 710 2924 aeruuli,

127 2938 256 3000 Albanos
279 2958 373 3019 prope
396 2950 424 2999 le
446 2939 527 2998 lacus

173 3024 269 3084 Ponet
290 3042 487 3083 marmoream
510 3022 563 3084 sub
587 3021 669 3082 trabe
692 3022 792 3081 citrea.

129 3105 189 3168 lllic
212 3109 338 3187 plurima
362 3108 483 3168 naribus

172 3193 268 3254 Duces
290 3204 355 3254 tura
377 3193 498 3272 lyraque
522 3201 552 3252 el
573 3191 746 3269 Berecyntia

128 3274 317 3338 lleleclabere
341 3277 409 3338 tibia

172 3361 270 3423 blixlis
292 3362 473 3423 carminibus
497 3380 557 3421 uon
581 3359 644 3420 sine
668 3358 772 3430 fistula,

129 3441 188 3505 Illic
210 3446 255 3508 bis
278 3448 364 3526 pueri
386 3449 432 3507 die
1002 3448 1031 3498 25

171 3530 287 3592 Numen
312 3550 378 3591 cum
401 3530 512 3592 teneris
534 3528 700 3608 virginibus
723 3537 806 3587 luum

79 3634 202 3654 x—

92 3704 137 3762 lv,
155 3717 169 3765 9
187 3714 263 3766 domo
278 3713 282 3780 Ι
302 3716 330 3766 18
351 3714 426 3780 largis
444 3715 477 3776 (o)
493 3715 497 3772 l
513 3715 544 3764 20
564 3726 657 3778 cyprea
676 3703 1068 3785 (uletcypriu(olcf.l,1,ldl

79 3783 385 3905 ἱὲἳᾳυδῂῒέθὴὶπεογηῑίε]
404 3782 440 3832 B⁰
463 3785 510 3844 lul:
533 3780 656 3846 lyraeque
675 3786 700 3830 et
718 3778 907 3845 berecyntiaeo
934 3775 938 3840 l
964 3775 1073 3826 aaaron

79 3902 164 3980 [arilina.
854 3931 869 3979 6
