2474 4440
503 200 675 256 carminuli
692 205 723 257 lll
741 209 764 259 9.
785 211 823 260 10.

253 361 313 428 ‘llle
336 380 430 431 torret
453 373 515 432 face
538 383 639 434 mutua

305 453 429 515 Thurini
455 456 548 518 Calais
570 459 647 518 filius
670 460 785 540 Ornyti,

183 546 210 596 15
253 537 311 598 Pro
335 557 393 617 quo
416 539 461 601 bis
483 543 577 620 patiar
598 544 682 617 mori,

302 622 332 682 Si
354 635 478 703 parcent
501 646 594 705 puero
617 629 674 688 fata
697 623 865 708 superstiti.³

250 733 341 811 ‘Quid
365 744 389 803 si
410 744 508 822 prisca
531 746 608 805 redit
629 746 729 808 Venus

298 827 501 908 Diductosque
525 830 696 910 iugo'oogit
718 851 821 907 aeneo,

253 912 282 972 Si
304 913 376 973 ilava
399 915 547 974 excutitur
569 915 659 976 Chloe

181 1006 210 1056 20
295 997 491 1077 Reiectaeque
515 1010 595 1078 patet
617 1001 703 1061 ianua
726 995 869 1081 Lydiae‘l'

251 1107 451 1193 ‘Quamquam
476 1118 571 1178 sidere
593 1120 747 1197 pulchrior

227 1270 229 1274 ,
298 1199 349 1260 llle
373 1211 425 1273 est,
449 1211 482 1261 tu
504 1203 595 1263 levior
617 1204 727 1265 cortice
750 1215 779 1265 ot
800 1206 937 1287 improbo

253 1283 427 1344 iracundior
449 1285 572 1347 Hadria:

297 1369 408 1429 Tecum
432 1371 527 1432 vivere
550 1390 655 1446 amem,
678 1382 775 1434 tecum
799 1376 902 1438 obeam
924 1373 1052 1442 libensl'

641 1625 675 1686 X.

247 1742 419 1805 Extremum
443 1745 554 1806 Tanain
579 1745 603 1805 si
626 1743 752 1816 biberes,
775 1745 862 1824 Lyce,

249 1827 340 1889 Saevo
365 1839 455 1908 nupta
479 1830 550 1903 viro,
575 1848 622 1888 me
645 1840 742 1889 tamen
766 1848 884 1908 asperas

294 1913 468 1975 Porrectum
491 1925 559 1976 anta
581 1915 660 1974 fores
682 1914 801 1975 obicere
823 1916 929 1980 incolis

343 1998 480 2059 Plorares
502 1998 707 2078 Aquilonibus.

188 2127 202 2176 5
246 2116 345 2189 Audis,
369 2137 428 2196 quo
451 2119 577 2198 strepitu
599 2117 696 2189 ianua,
720 2135 778 2195 quo
803 2136 908 2180 nemus

247 2201 329 2261 lnter
351 2203 473 2280 pulchra
497 2213 592 2264 satum
615 2211 691 2263 tecta
715 2203 860 2279 remugiat

294 2286 396 2348 Ventis
419 2297 448 2348 et
470 2288 580 2366 positas
602 2298 635 2348 ut
657 2287 762 2366 glaciet
785 2288 858 2349 nivis

344 2372 422 2432 Puro
446 2373 568 2432 numine
592 2370 745 2452 luppiter?

244 2490 392 2570 lngratam
415 2491 522 2551 Veneri
546 2509 624 2569 pone
647 2489 824 2568 superbiam,

172 2584 200 2635 to
242 2576 286 2636 Ne
308 2586 448 2637 currente
470 2586 551 2636 retro
574 2576 653 2635 funis
675 2585 721 2635 eat
743 2584 823 2648 rota;

283 2661 349 2721 Non
374 2671 402 2721 te
425 2662 594 2740 Penelopen
619 2659 765 2720 difficilem
790 2660 888 2738 procis

360 2747 532 2826 Tyrrhenus
554 2746 657 2824 genuit
677 2762 795 2824 parens.

242 2864 266 2924 0
291 2866 421 2942 quamvis
444 2883 543 2944 noque
566 2874 594 2923 te
617 2881 740 2924 munera
764 2881 819 2922 nec
841 2882 947 2942 preces

240 2949 300 3009 Noc
323 2950 434 3011 tinctus
456 2951 531 3010 viola
554 2949 648 3028 pallor
671 2947 832 3008 amantium

170 3042 197 3092 15
282 3034 343 3095 Nec
366 3036 410 3095 vir
433 3036 527 3096 Pieria
550 3034 661 3113 paelice
684 3034 800 3094 saucius

338 3119 454 3194 Currat,
477 3118 661 3199 supplicibus
683 3118 741 3179 tuis

238 3237 354 3312 Parcas,
377 3257 434 3299 noc
456 3238 549 3316 rigida
572 3237 687 3297 mollior
709 3236 826 3297 aesculo

237 3322 299 3383 Neo
322 3324 430 3384 Mauris
452 3323 582 3383 animum
605 3322 705 3381 mitior
727 3321 887 3398 anguibus:

284 3408 350 3470 Non
375 3409 431 3468 hoo
454 3426 570 3486 semper
593 3407 648 3467 orit
669 3407 777 3466 liminis
800 3415 850 3466 aut
871 3423 963 3483 aquae

166 3503 195 3552 20
338 3493 476 3555 Caelestis
497 3494 612 3572 patiens
634 3493 718 3552 latus,

191 3678 223 3728 lll
243 3695 265 3728 v.
285 3681 315 3732 21
336 3678 454 3745 quamuis
472 3679 507 3741 (u)
523 3678 526 3742 Ι
543 3675 634 3726 clarior
652 3673 696 3737 (ef.
715 3675 745 3725 lll
766 3679 787 3737 l,
806 3677 848 3738 lt)
867 3676 963 3738 Porpla.

191 3747 255 3798 Xv.
275 3750 290 3799 6
309 3749 386 3798 situm
406 3747 466 3810 (loq.
487 3743 630 3808 remugiat?
655 3742 741 3794 Sentis
753 3743 838 3793 Bentl.
854 3742 858 3808 l
874 3745 889 3794 8
907 3743 970 3792 duro
984 3737 1062 3790 nauel.

106 3815 214 3866 Servius
232 3816 269 3866 ad
287 3817 316 3868 V.
337 3816 383 3866 ool.
404 3816 427 3877 2,
445 3816 477 3864 47
495 3816 498 3878 l
517 3816 546 3866 18
567 3812 650 3862 animo
668 3813 703 3873 (o)
