2474 4440
116 228 156 288 72
484 230 656 283 danninum
673 231 702 283 lll
722 233 762 284 23.
782 234 822 286 24.

244 400 317 464 Nam
341 420 415 480 quae
438 403 524 463 nivali
547 403 677 483 pascitur
698 403 802 482 Algido

171 497 200 548 10
243 488 354 550 Devota
377 506 505 565 quercus
528 487 607 548 inter
629 497 658 548 et
680 488 761 550 ilices

291 575 350 633 Aut
372 573 477 633 crescit
498 572 618 633 Albanis
639 573 669 632 in
692 572 792 633 herbis

342 656 462 716 Victima
485 658 660 736 pontificum
682 657 793 718 securis

246 775 364 835 Cerviee
387 775 495 853 tinget:
518 784 547 835 te
571 775 643 835 nihil
665 775 770 836 attinet

245 860 402 938 Temptare
424 860 516 920 multa
539 860 626 920 caede
648 859 813 921 bidentium

172 955 199 1004 ts
290 944 399 1004 Parvos
422 954 615 1004 coronantem
638 944 752 1004 marino

344 1029 422 1089 Rore
446 1029 516 1089 deos
538 1029 693 1106 fragilique
714 1039 821 1108 myrto.

248 1147 382 1208 Inmunis
404 1165 485 1207 aram
507 1147 530 1207 si
553 1146 649 1224 tetigit
670 1165 785 1220 manus,

248 1230 315 1291 Non
338 1241 509 1310 sumptuosa
532 1230 667 1291 blandior
689 1231 793 1305 hostia,

295 1315 416 1376 Mollivit
437 1334 553 1377 aversos
576 1316 694 1376 Penatis

176 1410 205 1460 to
233 1420 235 1424 ’
336 1400 424 1460 Ferre
447 1401 495 1481 pio
519 1410 548 1461 et
570 1401 692 1461 saliente
713 1401 799 1460 mica.

611 1719 701 1779 XXIV

251 1837 372 1897 Intactis
395 1837 563 1916 opulentior

296 1921 455 1981 Thesauris
477 1921 606 1982 Arabum
629 1932 658 1982 et
680 1922 775 1984 divitis
797 1923 897 1984 indiae

251 2005 419 2066 Caementis
441 2006 509 2067 licet
531 2025 659 2085 occupes

297 2091 461 2151 Terrenum
485 2110 572 2151 omne
594 2091 653 2152 tuis
675 2101 703 2151 et
727 2109 806 2152 mare
829 2092 991 2171 publicum,

192 2187 207 2236 5
251 2176 282 2236 Si
304 2176 367 2252 tigit
389 2176 592 2236 adamantinos

297 2260 425 2321 Summis
446 2260 605 2321 verticibus
627 2259 689 2320 dira
711 2261 876 2323 Necessitas

252 2344 361 2417 Clavus,
385 2364 446 2405 non
470 2346 601 2406 animum
625 2355 714 2418 metu,

296 2430 362 2490 Non
387 2431 490 2491 mortis
512 2430 624 2508 laqueis
646 2429 783 2508 expedies
805 2440 903 2510 eaput.

251 2513 437 2592 Campestres
460 2515 563 2576 melius
585 2514 719 2593 Scythae,

181 2607 208 2659 10
294 2598 427 2668 Quorum
450 2600 580 2678 plaustra
602 2617 687 2676 vagas
710 2599 765 2659 rite
788 2599 911 2660 trabunt
930 2599 1051 2673 domos,

252 2682 360 2742 Vivunt
382 2692 410 2744 et
432 2684 516 2762 rigidi
540 2683 640 2756 Getae,

297 2767 442 2829 lnmetata
465 2769 572 2847 quibus
595 2769 694 2846 iugera
717 2767 823 2828 liberas

253 2852 366 2931 Fruges
389 2862 418 2913 et
440 2853 575 2914 Cererem
601 2853 701 2913 lerunt

299 2938 360 2998 Nec
383 2939 496 2998 cultura
519 2938 616 3015 placet
638 2936 755 3016 longior
776 2954 874 2996 annua

181 3029 209 3079 15
252 3020 492 3100 Defunctumque
514 3020 664 3082 laboribus

299 3105 420 3183 Aequali
443 3115 557 3166 recreat
578 3116 658 3166 sorte
681 3105 813 3166 vicarius.
877 3138 879 3142 ·

253 3188 316 3249 lllic
339 3199 431 3250 matre
454 3190 623 3251 carentibus

300 3274 445 3352 Privignis
468 3275 574 3335 mulier
595 3283 740 3353 temperat
762 3273 908 3334 innocens

252 3356 313 3416 Neo
336 3358 433 3418 dotata
455 3359 531 3436 regit
551 3359 646 3419 virum

183 3451 211 3500 20
298 3442 433 3503 Coniunx
457 3461 513 3502 nec
537 3443 629 3502 nitido
652 3443 715 3504 fidit
736 3442 884 3503 adultero:

125 3575 328 3584 ——

212 3691 290 3743 XXlll
308 3709 332 3746 o.
355 3696 384 3745 12
403 3694 510 3746 securim
530 3698 564 3760 (u)

210 3759 289 3812 XXlV
307 3778 331 3816 v.
350 3765 366 3815 4
385 3761 532 3827 Terrenum]
555 3763 744 3813 cenomannos
770 3761 807 3811 ad
822 3759 902 3810 Luer.
930 3759 939 3810 l
967 3761 1017 3813 360
1045 3758 1081 3820 cf.
1105 3759 1193 3826 Porpb,

123 3828 400 3965 chqqpicgprrpqnum
417 3828 421 3899 Ι
437 3831 577 3897 publicum]
597 3847 611 3880 v
630 3833 673 3895 (=
691 3830 727 3880 Ba
737 3848 747 3891 ;
765 3829 954 3879 decimamus
972 3827 989 3879 l.
1007 3827 1050 3892 l.):
1069 3827 1191 3894 pontem
