2474 4440
344 282 361 326 ·.
438 256 654 310 sermationi
673 261 696 310 2.
1049 255 1107 314 127

120 430 344 492 Libertiuarum
367 431 442 504 dico,
466 431 616 492 Sallustius
639 433 668 492 iu
692 450 765 510 quas

119 517 188 578 Non
213 517 312 577 minus
334 517 445 577 insanit
468 534 554 594 quam
577 517 628 594 qui
650 518 832 579 moechatur.
877 521 914 580 tt
935 521 984 582 bic
1007 524 1040 597 si,

120 603 186 673 Qua
209 620 265 675 res,
289 621 347 680 qua
370 602 446 676 ratio
467 602 604 662 suaderet
626 620 742 680 quaque
765 604 897 665 modeste
1082 621 1111 669 50

120 686 262 748 Munilico
286 706 350 749 esse
371 687 450 760 licet,
472 686 558 747 vellet
580 685 677 748 bonus
699 697 792 769 atque
810 689 958 768 benignus

122 772 205 845 Esse,
230 771 312 832 daret
334 780 478 851 quantum
501 772 571 832 satis
594 782 749 834 essetnec
772 773 826 834 sibi
850 776 957 837 damno

121 857 327 936 Dedecorique
349 858 434 918 soret.
470 857 577 917 Verum
600 859 656 917 hoc
679 875 711 918 se
734 860 920 937 amplectitur
942 881 1015 931 uuo,

121 942 187 1003 Hoc
209 953 287 1002 amat
308 951 338 1004 et
359 943 471 1002 laudat:
491 935 670 1002 ‘matronam
694 943 802 1003 nullam
826 962 880 1022 ego
901 940 1012 1026 tango.³

122 1026 163 1088 Ut
185 1028 335 1106 quondam
358 1027 517 1100 Marsaeus,
540 1038 653 1088 amator
675 1027 806 1106 Originis
829 1029 886 1103 ille,
1081 1044 1110 1092 55

124 1111 182 1182 Qui
205 1113 333 1192 patrium
354 1113 460 1174 mimae
482 1115 573 1173 donat
594 1113 779 1193 fundumque
802 1115 962 1194 laremque,

121 1189 183 1257 ‘Nil
204 1197 293 1259 fuerit
315 1191 362 1258 mi'
387 1197 484 1276 inquit
503 1190 584 1258 ‘cum
607 1199 748 1259 uxoribus
765 1218 904 1277 umquam
927 1195 1048 1262 alienis?

116 1280 235 1346 'Verum
257 1292 375 1344 etcum
399 1283 505 1356 mimis,
528 1293 572 1343 est
593 1301 660 1343 cum
684 1285 896 1359 meretricibus,
921 1287 1000 1347 unde

127 1367 214 1428 Fama
239 1368 346 1429 malum
369 1369 485 1446 gravius
508 1386 595 1446 quam
617 1386 665 1428 res
686 1370 785 1429 trahit.
819 1372 863 1432 dn
887 1371 940 1432 tibi
962 1372 1080 1434 abunde

129 1452 287 1514 Personam
309 1453 378 1514 satis
400 1461 453 1526 est,
477 1473 536 1513 non
561 1454 641 1525 illud,
665 1455 806 1533 quidquid
830 1456 940 1535 ubique
1081 1467 1111 1516 60

131 1537 238 1611 officit,
262 1536 391 1599 evitare?
413 1539 522 1600 bonam
545 1539 707 1618 deperdere
730 1542 845 1613 famam,

130 1621 199 1684 Rem
216 1625 309 1703 patris
323 1624 475 1698 oblimare,
491 1626 599 1685 malum
615 1632 660 1685 est
674 1624 863 1702 ubicumque.
886 1625 962 1695 Quid
979 1627 1057 1687 inter

105 1756 108 1760 .
130 1707 182 1770 Est
202 1709 234 1769 in
248 1717 401 1784 matrona,
425 1709 530 1770 ancilla
552 1728 697 1788 peccesne
720 1708 840 1788 togata?
1111 1711 1113 1714 ’

130 1792 230 1854 Villius
252 1794 284 1854 in
306 1794 413 1855 Fausta
437 1795 533 1855 Sullae
556 1813 674 1872 genere,
698 1795 754 1855 boc
776 1795 865 1856 miser
887 1815 948 1856 uno

129 1876 255 1940 Nomine
276 1881 427 1958 deceptus,
450 1898 562 1958 poenas
584 1880 663 1939 dedit
686 1898 779 1958 usque
800 1899 948 1959 superque
1085 1891 1114 1941 ot

130 1963 224 2034 Quam
246 1965 316 2026 satis
339 1973 391 2039 est,
414 1965 523 2044 pugnis
545 1983 648 2024 caesus
669 1965 809 2043 ferroque
831 1967 948 2044 petitus,

128 2046 276 2110 Exclusus
298 2050 372 2123 lore,
396 2069 461 2111 cum
485 2049 679 2128 Longarenus
703 2051 779 2111 soret
801 2050 889 2112 intus.

127 2133 206 2196 lluic
229 2135 253 2194 si
275 2136 418 2195 muttonis
441 2134 537 2195 verbis
560 2135 633 2194 mala
656 2144 737 2196 tanta
761 2136 868 2196 videnti

127 2217 249 2281 Diceret
271 2221 342 2280 haec
365 2220 480 2280 animus
499 2212 591 2290 ‘Quid
614 2219 656 2280 vis
677 2218 751 2280 tibi?
775 2221 917 2299 numquid
940 2240 994 2301 ego
1017 2239 1032 2281 a
1055 2228 1083 2281 te
1128 2219 1143 2245 ⁸

126 2302 239 2383 Magno
261 2314 440 2384 prognatum
463 2306 591 2383 deposco
615 2306 737 2366 consule
760 2324 893 2366 cunnum
1088 2315 1116 2364 το

124 2387 323 2468 Velatumque
346 2390 429 2463 stola,
452 2409 516 2451 mea
539 2409 606 2450 cum
630 2390 798 2450 conferbuit
820 2386 907 2463 ira‘l',

126 2474 208 2544 Quid
231 2473 448 2554 responderet?
467 2469 588 2552 ‘Magno
611 2483 694 2552 patre
717 2483 782 2534 nata
805 2474 902 2553 puella
924 2469 988 2536 est’

127 2561 167 2619 At
191 2568 303 2639 quanto
327 2561 446 2621 meliora
469 2569 571 2622 monet
592 2559 815 2639 pugnantiaque
837 2561 900 2621 istis

128 2642 218 2705 Dives
242 2645 306 2724 opis
329 2654 433 2706 natura
455 2665 535 2719 suae,
558 2645 636 2705 tusi
659 2644 747 2704 modo
771 2654 851 2705 recte

127 2729 310 2809 Dispensare
334 2731 402 2791 velis
425 2750 459 2792 ao
482 2751 542 2791 non
566 2730 704 2809 fugienda
728 2730 862 2806 petendis
1089 2741 1117 2790 7⁵

130 2813 306 2876 Inmiscere.
350 2816 414 2876 Tuo
437 2817 506 2876 vitio
529 2834 669 2876 rerumne
691 2814 818 2888 labores

133 2899 181 2960 Nil
203 2900 316 2960 referre
338 2899 447 2979 putas?
471 2901 577 2974 Quare,
600 2919 638 2961 ne
662 2899 810 2978 paeniteat
832 2907 870 2974 te,

133 2984 242 3046 Desine
265 2994 414 3047 matronas
437 2987 585 3058 sectarim,
608 2987 687 3047 unde
711 2984 820 3046 laboris

134 3069 205 3130 Plus
228 3069 346 3131 haurire
369 3072 436 3132 mali
459 3080 503 3132 est
525 3091 612 3151 quam
636 3091 671 3132 ex
693 3088 725 3130 re
750 3070 910 3148 decerpere
933 3068 1055 3129 tructus.

136 3155 196 3216 Nec
218 3155 311 3234 magis
333 3156 409 3228 huic,
434 3157 512 3217 inter
534 3158 634 3218 niveos
656 3155 814 3233 viridisque
836 3154 949 3233 lapillos
1090 3162 1119 3214 80

136 3239 179 3300 Sit
201 3239 279 3313 licet,
301 3241 367 3314 boc,
384 3241 532 3315 Cerintho,
555 3251 607 3302 tuo
623 3250 759 3302 tenerum
775 3249 820 3301 est
834 3241 929 3300 lemur
944 3247 995 3300 aut
1010 3257 1077 3300 crus

137 3324 266 3397 Rectius,
289 3335 377 3405 atque
400 3327 486 3387 etiam
510 3327 613 3388 melius
635 3344 777 3405 persaepe
800 3335 916 3403 togatae
938 3332 991 3385 est.

136 3410 217 3470 Adde
240 3409 299 3471 buc
321 3412 400 3490 quod
423 3430 550 3473 mercem
573 3413 637 3472 siue
660 3410 734 3472 fucis
756 3420 859 3490 gestat,
883 3417 983 3489 aperte

138 3493 222 3565 Quod
247 3496 349 3558 renale
372 3496 460 3557 babet
482 3497 611 3558 ostendit
633 3515 698 3570 nec,
722 3496 817 3574 siquid
841 3495 956 3555 bonesti
980 3502 1034 3566 est,

79 3633 254 3656 S...—

136 3748 155 3800 ll
173 3765 197 3799 o.
216 3752 247 3800 51
268 3749 413 3800 munificum
430 3748 482 3815 163
501 3751 636 3814 peccesne]
655 3752 701 3812 (o):
725 3761 848 3813 peccesne
864 3746 868 3812 Ι
884 3748 917 3797 64
935 3745 1036 3809 genere]
1054 3759 1078 3794 o.
1096 3742 1120 3792 d.

79 3826 122 3876 tec.
136 3820 238 3870 observ.
250 3817 271 3868 ll
283 3819 368 3869 Amat.
389 3818 453 3869 1733
469 3833 495 3881 p.
514 3818 599 3881 susq,
617 3820 646 3866 in
664 3818 736 3881 quod
753 3817 850 3880 etipse
867 3813 953 3864 incidi
970 3812 1072 3877 (genere
1091 3824 1120 3861 ac

79 3896 126 3948 iter
143 3886 282 3940 hiulcam
306 3901 368 3936 ann.
390 3885 456 3950 gibid.
481 3888 523 3949 91,
547 3887 680 3950 lbbsqq.):
708 3899 784 3950 gener
802 3898 817 3932 o
835 3897 929 3948 genero
947 3877 1118 3944 Monetam}

95 3956 215 4015 uidentis
234 3953 270 4022 (u)
285 3958 289 4021 1
306 3955 337 4007 ἰθ
357 3953 449 4005 sectari
468 3962 596 4005 matronas
611 3953 616 4020 Ι
632 3956 660 4006 81
683 3957 735 4016 tuo]
754 3953 801 4015 (viz
820 3957 890 4000 tuum
906 3951 910 4016 Ι
927 3950 958 4001 82
978 3953 1018 3999 est
1037 3963 1086 3999 om.
1139 3988 1193 4168 l
