2474 4440
387 257 517 310 EPODON
538 260 576 311 ta.
597 263 635 312 ta.

493 429 545 489 Xll

85 546 141 614 tuid
163 547 217 606 tibi
239 547 290 618 vis,
314 547 419 606 mulier
442 547 534 624 nigris
556 547 725 624 dignissima
748 549 863 610 barris?

131 631 255 691 Munera
277 632 346 709 quid
371 632 441 691 mibi
456 631 570 708 'quidve
593 631 712 692 tabellas

85 715 152 778 iittis
176 735 230 777 nec
254 717 339 776 firmo
362 717 460 777 iuveni
484 734 539 776 nec
563 717 641 777 naris
665 717 793 778 obesae?

131 803 264 879 Namque
287 802 420 880 sagacius
443 820 520 861 unus
543 801 661 875 odoror,

85 888 190 967 olypus
213 905 249 946 an
273 887 368 964 gravis
390 886 511 946 hirsutis
534 886 622 946 cubet
643 887 742 948 hircus
764 891 794 950 in
818 889 879 961 alis,
992 902 1007 949 t

130 972 225 1042 Quam
247 971 328 1032 canis
350 989 417 1031 acer
439 970 490 1029 ubi
513 970 601 1030 lateat
623 990 681 1032 sus.

87 1058 120 1117 ni
142 1056 233 1117 sudor
254 1057 338 1116 vietis
360 1065 389 1115 et
412 1074 498 1133 quam
523 1057 615 1116 maius
637 1056 768 1136 undique
791 1059 931 1122 membris

130 1141 242 1202 Crescit
264 1141 346 1212 odor,
370 1160 435 1200 cum
460 1159 536 1219 pene
559 1141 655 1200 soluto

85 1227 239 1287 idomitam
263 1235 404 1305 properat
427 1226 537 1284 rabiem
560 1227 661 1285 sedare
686 1246 783 1305 neque
806 1228 846 1288 ilii

130 1312 191 1371 lam
213 1321 312 1371 manet
334 1311 431 1371 umida
456 1319 535 1370 creta
558 1310 699 1388 colorque
981 1325 1007 1374 to

84 1406 201 1457 tercore
223 1397 338 1457 fucatus
362 1395 502 1457 crocodili
525 1396 639 1473 iamque
662 1396 798 1458 subando

130 1482 224 1541 Teuta
247 1481 354 1542 cubilia
378 1490 512 1558 tectaque
535 1482 661 1557 rumpit;

87 1566 115 1627 el
137 1586 201 1626 mea
224 1585 290 1626 cum
315 1568 407 1627 saevis
429 1565 518 1643 agitat
540 1565 650 1624 [astulia
674 1566 786 1627 verbis:

128 1647 260 1710 ‘lnacbia
284 1652 406 1729 langues
429 1652 526 1709 minus
548 1668 581 1707 ac
604 1668 658 1720 me,

85 1736 212 1795 iacbiam
235 1747 281 1795 ter
303 1745 389 1796 nocte
413 1744 506 1813 potes,
530 1734 599 1793 mibi
622 1753 738 1813 semper
759 1736 796 1795 ad
818 1755 910 1797 unum
980 1748 1007 1798 ln

131 1821 226 1881 Mollis
249 1821 340 1899 opus!
365 1830 465 1897 pereat
486 1820 570 1889 male,
595 1838 669 1896 quae
692 1830 720 1879 tc

85 1905 167 1966 esbia
192 1905 344 1983 quaerenti
368 1916 484 1964 taurum
509 1905 681 1963 monstravit
702 1905 837 1979 inertem,

131 1990 203 2050 Cum
228 1991 297 2049 mibi
322 1988 398 2050 Cous
420 1990 534 2048 adesset
556 1990 704 2068 Amyntas,

85 2075 154 2135 uius
176 2076 206 2134 in
230 2075 372 2135 indomito
397 2074 580 2133 constantior
603 2075 724 2151 inguine
749 2094 855 2137 nervus

132 2159 225 2230 Quam
251 2179 323 2219 nova
345 2160 469 2219 collibus
492 2158 582 2218 arbor
604 2159 746 2219 inhaeret.
980 2173 1008 2222 2ο

85 2243 227 2305 {uricibus
248 2244 343 2324 Tyriis
365 2246 484 2304 iteratae
506 2244 612 2303 vellera
634 2244 718 2305 lanae

132 2329 185 2390 Cui
207 2327 464 2408 properabantur‘i
488 2329 541 2388 tibi
566 2348 681 2408 nempe,

85 2414 106 2474 ie
129 2415 207 2474 foret
228 2415 356 2492 aequalis
378 2416 457 2475 inter
479 2415 609 2487 conviva,
632 2414 725 2492 magis
747 2433 834 2493 quem

131 2499 273 2578 Diligeret
294 2500 400 2559 mulier
421 2517 472 2559 sua
497 2517 584 2577 quam
607 2509 645 2559 te.

85 2589 169 2662 tego
193 2604 252 2644 nou
277 2584 354 2654 felix,
378 2602 465 2661 quam
489 2592 520 2642 tu
543 2584 628 2661 fugis,
653 2592 684 2643 ut
705 2591 792 2663 pavet
813 2582 888 2643 acris
980 2594 1008 2642 tn

133 2671 216 2747 Agna
239 2668 325 2747 lupos
348 2686 529 2748 capreaeque
551 2660 681 2728 leonesi'

441 2821 591 2831 ..-

481 2921 549 2980 Xlll

85 3039 189 3099 [orrida
214 3050 369 3119 tempestas
391 3043 503 3104 caelum
526 3041 673 3103 contraxit
695 3048 724 3099 et
745 3039 853 3099 imbres

131 3125 277 3202 Nivesque
299 3127 449 3186 deducunt
471 3130 583 3202 lovem;
607 3144 688 3186 nunc
710 3143 799 3197 mare,
822 3142 903 3185 nunc
925 3126 1017 3187 siluae

85 3210 200 3270 'hreicio
224 3211 368 3288 Aquilone
391 3225 512 3274 sonant:
536 3213 692 3290 rapiamus,
715 3211 816 3280 amice,

134 3294 328 3355 Occasionem
351 3297 387 3356 de
409 3297 465 3371 die,
489 3299 618 3374 dumque
641 3296 737 3354 virent
758 3312 855 3373 genua

85 3381 102 3439 ‘t
123 3381 219 3449 decet,
243 3381 368 3440 obducta
390 3382 518 3442 solvatur
540 3384 638 3441 fronte
661 3391 808 3441 senectus.
994 3392 1009 3440 t

132 3464 177 3525 Tu
200 3465 267 3524 vina
289 3465 438 3544 Torquato
461 3486 544 3527 move
568 3466 689 3527 consule
712 3484 812 3545 pressa
834 3482 910 3538 meo,

85 3731 111 3782 'di
129 3749 152 3784 v.
173 3735 187 3784 2
206 3733 397 3800 cnr..quidnc
415 3750 430 3782 υ
448 3730 876 3801 cnr..cnrnc(v)150f.Vind.
889 3731 946 3781 laet.
960 3731 1049 3783 Berol.

85 3838 89 3848 .
110 3803 175 3853 1888
196 3818 222 3852 n.
242 3804 258 3852 4
276 3802 296 3866 *)
312 3806 316 3866 Ι
333 3804 364 3853 22
382 3801 603 3868 properabuntnri
620 3805 652 3854 25
671 3801 779 3861 infelix!
796 3815 871 3867 quem

85 3867 118 3918 tlt
139 3885 163 3919 a.
184 3872 199 3922 3
224 3870 330 3933 ,amice,]
355 3869 453 3921 Bentb:
480 3869 554 3920 amici
581 3871 659 3931 (mata
686 3885 746 3920 cum
773 3869 900 3934 rapiamus
925 3883 960 3918 sc.
989 3883 1049 3919 con·

85 3939 111 3999 π)

816 4021 848 4072 8*
