2474 4440
459 245 687 299 EPISTULARUM
704 248 714 299 l
733 250 773 301 16.

582 418 645 479 XVl

165 535 208 597 Ne
229 536 424 616 perconteris,
448 536 557 597 fundus
580 554 673 609 meus,
697 537 807 617 optime
830 537 962 611 Quincti,

164 625 240 682 Arvo
263 628 364 701 pascat
386 638 468 680 erum
492 639 529 681 ao
555 621 633 681 bacis
656 623 809 701 opulentet
832 623 931 698 olivae,

164 707 302 767 Pomisne
325 715 353 764 et
375 707 467 784 pratis
489 725 525 766 an
549 707 652 766 amicta
675 706 783 767 vitibus
806 708 896 781 ulmo,

165 791 318 854 Scribetur
340 790 392 850 tibi
414 792 508 851 forma
532 791 695 870 loquaciter
717 801 745 851 et
767 791 840 853 situs
862 793 935 872 agri.

164 876 305 939 Continui
327 884 454 948 montes,
478 876 508 936 ni
531 876 728 937 dissocientur
751 895 842 956 opaca
1136 893 1151 944 a

163 963 251 1037 Valle,
275 960 325 1023 sed
349 972 382 1020 ut
403 961 525 1021 veniens
546 962 681 1023 dextrum
704 962 780 1023 latus
802 962 943 1042 adspiciat
964 965 1017 1039 sol,

163 1048 290 1108 Laevum
312 1046 466 1107 discedens
488 1064 577 1106 curru
600 1047 731 1125 fugiente
753 1057 884 1127 vaporet.

163 1131 349 1212 Temperiem
371 1130 481 1192 laudes.
527 1131 613 1206 Quid,
636 1132 660 1192 si
684 1131 849 1194 rubicunda
872 1133 994 1213 benigni

163 1217 258 1279 Corna
281 1234 386 1296 vepres
409 1224 437 1276 et
458 1234 554 1295 pruna
578 1215 696 1277 lerant‘l
719 1218 743 1279 si
766 1236 912 1297 quaerens
934 1228 963 1280 et
985 1218 1041 1280 ilex

162 1302 251 1364 Multa
274 1302 360 1380 fruge
382 1319 483 1380 pecus,
506 1302 596 1362 multa
619 1302 772 1363 dominum
796 1304 874 1364 iuvet
896 1302 1021 1366 umbra?
1121 1316 1150 1367 lo

162 1389 247 1449 Dicas
270 1387 428 1447 adductum
451 1386 574 1466 propius
596 1388 736 1448 frondere
758 1389 930 1450 Tarentum.

162 1472 242 1534 Fons
263 1472 350 1533 etiam
374 1471 435 1531 rivo
458 1472 528 1531 dare
552 1490 659 1532 nomen
683 1472 818 1547 idoneus,
841 1483 874 1535 ut
897 1493 952 1535 nec

161 1557 308 1638 Frigidior
329 1555 473 1617 Thracam
497 1575 553 1617 nec
574 1557 678 1636 purior
699 1558 807 1618 ambiat
829 1559 955 1634 Hebrus,

161 1644 283 1705 lnbrmo
306 1642 394 1721 capiti
416 1641 481 1702 fluit
502 1642 591 1713 utilis,
615 1643 694 1704 utilis
717 1643 788 1703 alvo.

160 1729 222 1789 liae
245 1727 373 1788 latebrae
395 1727 496 1788 dulces
519 1735 558 1800 et,
581 1727 636 1787 iam
660 1729 683 1789 si
707 1728 810 1799 credis,
834 1746 977 1788 amoenae
1120 1740 1148 1790 ta

159 1813 342 1875 lncolumem
365 1811 419 1872 tibi
442 1830 488 1873 me
511 1822 663 1891 praestant
684 1813 909 1892 Septembribus
932 1813 1022 1874 horis.
1045 1849 1086 1858 —

158 1899 204 1960 Tu
228 1906 309 1960 recte
330 1896 411 1970 vivis,
434 1898 458 1957 si
482 1915 567 1958 curas
589 1916 653 1958 esse
675 1898 754 1976 quod
777 1898 868 1959 andis.

157 1985 304 2046 lactamus
325 1983 382 2042 iam
405 1982 519 2062 pridem
543 1983 640 2044 omnis
661 1993 691 2044 te
713 1983 806 2044 Roma
828 1983 958 2057 beatum,

159 2069 217 2130 Sed
241 2086 353 2142 vereor,
377 2068 485 2127 necui
508 2067 544 2127 de
566 2077 594 2128 te
617 2068 684 2147 plus
707 2087 794 2147 quam
818 2068 870 2129 tibi
893 2069 1003 2142 credas,

157 2155 237 2216 Neve
259 2163 346 2233 putes
368 2152 457 2213 alium
479 2152 613 2232 sapiente
635 2154 775 2232 bonoque
797 2154 927 2228 beatum,
1120 2164 1149 2215 tt)

156 2241 231 2312 Neu,
255 2240 279 2300 si
301 2247 331 2299 te
353 2237 482 2317 populus
502 2256 607 2299 sanum
630 2247 770 2317 recteque
791 2240 937 2300 valentem

160 2324 289 2396 Dictitet,
313 2323 460 2385 occultam
482 2323 597 2384 febrem
619 2324 675 2384 sub
698 2334 816 2405 tempus
839 2324 944 2386 edendi

159 2409 342 2482 Dissimules‚
365 2409 461 2469 donec
484 2409 621 2471 manibus
643 2418 756 2470 tremor
778 2410 889 2471 incidat
911 2409 1019 2470 unctis.

159 2495 324 2556 Stultorum
348 2494 481 2554 incurata
503 2494 599 2573 pudor
621 2495 716 2556 malus
737 2496 837 2555 ulcera
860 2495 944 2555 celat.
968 2528 1009 2538 -

160 2580 258 2660 Siquis
280 2578 355 2640 bella
378 2578 431 2638 tibi
454 2589 533 2639 terra
554 2589 684 2659 pugnata
708 2580 840 2659 marique
1120 2589 1148 2639 nt

159 2665 243 2727 Dicat
265 2673 295 2725 et
315 2665 362 2726 bis
383 2663 480 2725 verbis
502 2682 607 2726 vacuas
629 2665 810 2744 permulceat
831 2665 925 2726 auris:

156 2745 251 2812 ‘'lene
273 2750 367 2827 magis
389 2749 498 2810 salvum
521 2749 650 2830 populus
671 2750 740 2812 velit
760 2769 796 2810 an
820 2751 964 2830 populum
986 2757 1027 2824 tu,

160 2836 262 2897 Servet
283 2835 314 2895 in
337 2834 476 2913 ambiguo
500 2836 550 2913 qui
573 2835 700 2896 consulit
722 2843 752 2896 et
772 2834 827 2897 tibi
849 2844 879 2896 et
901 2834 968 2896 urbi

160 2915 309 3002 luppiter‚’
333 2920 457 2998 Augusti
480 2919 580 2980 laudes
603 2938 764 2999 agnoscere
787 2921 897 3001 possis;

161 3006 230 3068 Cum
253 3005 365 3086 pateris
385 3005 504 3084 sapiens
525 3006 757 3085 emendatusque
778 3005 886 3080 vocari,
1117 3013 1147 3063 ao

161 3089 373 3171 Respondesne
395 3099 459 3163 tuo,
482 3090 529 3150 die
551 3089 646 3163 sodes,
671 3089 815 3152 nomine?
834 3085 960 3170 ‘Nempe

161 3175 209 3236 Vir
231 3175 331 3236 bonus
353 3183 382 3235 et
403 3175 535 3254 pmdens
558 3175 614 3236 dici
637 3176 770 3237 delector
792 3194 847 3254 ego
869 3193 902 3237 ac
925 3169 976 3236 tu.³

161 3261 216 3332 Qui
239 3260 319 3322 dedit
340 3260 398 3320 boc
421 3260 518 3334 bodie,
541 3261 652 3322 crassi
676 3261 752 3322 volet
774 3262 896 3334 auferet,
919 3270 952 3322 ut
973 3259 996 3321 si

160 3345 303 3407 bstulerit
322 3345 410 3406 fascis
432 3345 565 3424 indigno,
588 3345 722 3406 detrahet
743 3346 830 3406 idem.
1005 3346 1007 3349 ’

159 3423 260 3503 ‘Pone
282 3448 382 3491 meum
405 3423 466 3503 est‚'
491 3431 603 3508 inquit:
627 3450 708 3511 pono
731 3432 881 3511 tristisque
903 3430 1021 3492 recedo.
1117 3440 1145 3488 aa

161 3516 248 3592 Idem,
271 3514 297 3578 si
320 3515 426 3576 clamet
449 3516 554 3589 iurem,
578 3525 666 3595 neget
689 3535 753 3578 esse
775 3517 926 3596 pudicum,

163 3599 325 3664 Contendat
345 3600 452 3679 laqueo
475 3599 584 3661 collum
607 3601 750 3680 pressisse
772 3611 941 3682 paternum,

163 3685 295 3748 llordear
317 3685 486 3766 opprobriis
508 3686 587 3748 salsis
609 3695 781 3766 mutemque
803 3684 940 3748 colores?
1009 3751 1011 3755 Α

163 3867 214 3922 llll
230 3887 256 3924 v.
275 3871 291 3922 3
309 3872 345 3935 et]
363 3885 395 3921 an
411 3868 416 3937 Ι
432 3873 447 3921 5
465 3869 486 3921 si
505 3876 562 3921 tum
580 3874 593 3921 'l
612 3875 727 3937 vaporet,
743 3872 747 3938 Ι
764 3874 777 3922 'i
796 3869 955 3922 descendens
967 3871 1001 3935 (a)
1015 3865 1143 3920 decedens

104 3919 165 3987 tou
178 3937 182 4004 ι
197 3941 229 3992 14
245 3943 321 4005 aptus
338 3942 366 3990 et
383 3938 454 3989 uirus
471 3939 506 4003 (υ)
521 3938 526 4007 ι
541 3940 573 3991 so
592 3940 689 4004 poteris
