2520 4434
489 216 718 270 EPISTULARUM
736 217 746 269 l
765 220 789 270 t.

185 392 294 464 Restat,
310 392 402 452 uthis
417 410 472 469 ego
489 409 536 451 me
551 391 614 470 ipse
629 408 728 469 regam
744 390 881 468 solerque
897 388 1061 451 elementis.
1077 425 1094 435 -

185 477 250 536 Non
274 477 371 555 possis
393 477 479 537 oculo
503 486 645 554 quantum
667 474 848 535 contendere
870 473 1017 554 Lynceus,

184 561 250 622 Non
274 572 373 622 tamen
396 561 506 621 idcirco
529 569 702 621 contemnas
725 560 823 639 lippus
846 559 967 638 inungi3

184 645 254 718 Nec,
278 647 345 726 quia
368 646 507 725 desperes
529 645 629 705 invicti
651 644 784 705 membra
807 644 955 724 Glyconis,

184 730 299 792 Nodosa
322 749 431 811 corpus
456 731 530 791 nolis
553 729 711 809 prohibere
733 731 889 807 cheragra:

184 814 237 876 Est
259 816 384 894 quadam
407 815 526 894 prodire
549 823 644 889 tenus,
668 815 692 876 si
716 834 776 876 noo
800 815 886 875 datur
909 813 995 874 ultra.

184 899 290 962 Fervet
312 901 430 962 avaritia
452 901 619 978 miseroque
642 899 780 979 cupidine
803 907 923 977 pectus:

186 985 264 1046 Sunt
284 987 374 1048 verba
397 994 426 1045 et
446 1004 542 1059 voces,
566 985 674 1063 quibus
695 985 776 1045 hunc
798 983 892 1044 lenire
915 984 1049 1044 dolorem

74 1098 76 1103 ⁴
185 1070 283 1132 Possis
305 1080 334 1131 et
357 1088 490 1150 magnam
514 1069 610 1129 morbi
633 1069 784 1148 deponere
806 1077 938 1148 partem3

184 1154 291 1217 Laudis
314 1173 413 1216 amore
435 1163 545 1216 tumes:
568 1163 638 1215 sunt
660 1163 740 1214 certa
762 1154 886 1233 piacula,
910 1171 985 1232 quae
1007 1162 1038 1215 te

185 1240 244 1299 Ter
266 1259 340 1319 pure
363 1240 439 1301 lecto
461 1248 603 1318 poterunt
625 1258 760 1300 recreare
781 1238 890 1299 libello.

184 1323 313 1398 Invidus,
336 1324 505 1398 iracundus,
529 1325 618 1397 iners,
641 1325 771 1398 vinosus,
794 1332 915 1396 amator,

184 1409 276 1470 Nemo
299 1409 371 1471 adeo
393 1411 474 1471 lerus
496 1421 549 1482 est,
572 1419 687 1469 utnon
711 1410 865 1471 mitescere
888 1408 990 1487 possit,

185 1493 217 1554 Si
238 1495 326 1555 modo
350 1495 482 1557 culturae
505 1494 665 1574 patientem
687 1495 855 1555 commodet
876 1511 989 1554 aurem.

184 1577 349 1641 Virtust
305 1588 349 1642 est
370 1580 472 1640 vitium
494 1581 596 1658 fugere
620 1590 649 1639 ct
671 1579 814 1675 sapientia
835 1578 930 1658 prima

185 1664 312 1726 Stultitia
334 1666 473 1727 caruisse.
518 1664 614 1737 Vides,
637 1682 711 1750 quae
734 1664 857 1724 maxima
881 1663 977 1725 credis

184 1748 257 1811 Esse
279 1751 363 1824 mala,
387 1751 525 1846 exiguum
548 1768 672 1810 censum
692 1757 870 1828 turpemque
891 1748 1054 1827 repulsam,

184 1833 302 1905 Quanto
325 1835 434 1896 devites
455 1835 545 1895 animi
569 1833 731 1930 capitisque
754 1833 868 1908 labore;

183 1918 312 1998 Impiger
334 1929 480 1981 extremos
503 1920 598 1980 curris
620 1928 767 1980 mercator
788 1917 824 1977 ad
846 1916 945 1989 lndos,

184 2003 242 2064 Per
263 2023 344 2065 mare
365 2005 536 2084 pauperiem
560 2005 687 2083 fugiens,
709 2022 763 2082 per
785 2021 862 2076 saxa,
885 2021 939 2081 per
961 2001 1054 2080 ignis:

184 2088 227 2149 Ne
250 2107 335 2150 cures
358 2108 400 2163 ea,
423 2107 498 2167 quae
521 2089 610 2150 stulte
632 2089 748 2149 miraris
771 2096 800 2149 et
823 2095 918 2167 optas,

184 2173 304 2234 Discere
327 2182 356 2234 et
376 2174 477 2234 audire
500 2182 529 2234 et
551 2173 665 2234 meliori
688 2175 809 2234 credere
833 2191 894 2233 non
917 2169 982 2232 vis?

186 2257 259 2328 Quis
281 2258 392 2318 circum
415 2277 506 2336 pagos
528 2267 558 2319 et
579 2259 692 2319 circum
714 2258 841 2337 compita
863 2275 984 2336 pugnax

188 2342 294 2440 Magna
317 2343 454 2403 coronari
478 2350 649 2404 contemnat
672 2344 816 2423 Olympia,
839 2343 887 2404 cui
909 2361 989 2420 spes,

190 2426 244 2487 Cui
266 2428 304 2488 sit
327 2428 462 2488 condicio
486 2429 579 2490 dulcis
602 2428 666 2489 sine
690 2429 810 2507 pulvere
833 2424 968 2506 palmae?

187 2511 280 2574 Vilius
303 2523 458 2610 argeptum
482 2522 526 2575 est
548 2532 630 2586 auro,
654 2512 810 2574 virtutihus
833 2530 953 2573 aurum·

184 2589 223 2658 ‘0
247 2598 334 2671 cives,
357 2598 443 2671 cives,
467 2600 635 2698 quaerenda
659 2599 784 2678 pecunia
808 2597 936 2676 prImum
959 2605 1020 2678 est3

186 2682 283 2744 Virtus
304 2694 371 2762 post
394 2675 552 2757 nummos',
575 2684 647 2745 haec
669 2683 758 2743 lanus
779 2700 912 2743 summus
933 2681 1000 2743 ab'
993 2699 1054 2740 imo

186 2768 342 2841 Prodoeet‚
365 2770 437 2829 haec
460 2769 599 2830 recinunt
620 2769 740 2830 iuvenes
761 2767 869 2828 dictata
891 2784 1040 2845 senesque

184 2847 279 2913 Laevo
302 2854 439 2933 suspensi
461 2854 574 2914 loculos
597 2853 783 2930 tabulamque
805 2853 926 2913 lacerto.

185 2937 236 2998 Est
259 2938 375 2999 animus
397 2938 460 3012 tihi,
483 2948 554 2999 sunt
575 2957 682 3011 mores,
707 2946 751 2998 est
772 2937 873 3016 lingua
896 2938 1039 3016 fidesque,

186 3022 243 3083 Sed
267 3024 490 3120 quadringentis
512 3043 564 3086 sex
585 3031 715 3123 septem
721 3021 800 3082 milia
823 3023 946 3082 desunt:

186 3107 272 3168 Plebs
295 3109 371 3184 eris3
394 3117 423 3168 at
444 3109 530 3212 pueri
552 3100 715 3170 ludentes‘
721 3126 773 3167 rex
796 3097 870 3179 eris,'
897 3107 982 3166 aiunt

186 3184 231 3251 ‘Si
253 3201 333 3253 recte
355 3190 470 3255 iacies:
494 3194 542 3254 hic
563 3212 668 3255 murus
689 3211 799 3253 aeneus
822 3200 884 3252 esto

184 3275 231 3335 llil
254 3279 389 3339 conscire
411 3278 476 3352 sihi,
500 3278 581 3339 nulla
602 3278 763 3358 pallescere
786 3277 882 3356 culpa.

184 3360 299 3434 Roscia,
323 3363 369 3423 dic
391 3363 486 3437 sodes,
510 3364 612 3424 melior
634 3364 681 3424 lex
703 3381 740 3422 an
763 3379 924 3439 puerorum
947 3367 993 3420 est

185 3445 287 3518 Nenia,
311 3465 386 3525 quae
408 3465 534 3525 regnum
556 3457 637 3509 recte
661 3446 837 3508 facientibus
859 3446 955 3515 ollert,

186 3529 223 3589 Et
244 3532 375 3592 maribus
398 3531 493 3593 Curiis
514 3538 551 3594 et
566 3533 717 3594 decantata
740 3528 888 3592 Camillis?

186 3765 237 3821 ln.
257 3768 289 3819 28
308 3765 397 3817 oculos
414 3766 449 3831 (o)
477 3767 480 3824 Ι
509 3768 540 3818 30
559 3765 662 3818 Milonis
684 3782 709 3817 a.
732 3765 749 3816 l.
768 3781 811 3831 cp.
829 3766 870 3816 Pe.
888 3765 953 3816 Acr.
981 3765 986 3831 Ι
1013 3765 1046 3816 42
1064 3763 1094 3814 vi

99 3835 224 3888 Pmnem.
242 3850 269 3887 n.
287 3851 307 3885 r.
322 3836 362 3898 14,
375 3835 424 3886 306
445 3834 450 3901 Ι
471 3832 523 3901 [56]
536 3833 640 3885 HMAK
657 3834 660 3899 Ι
681 3836 711 3884 57
731 3837 820 3883 versati
838 3834 870 3884 58
888 3837 960 3882 recte
975 3849 1094 3899 praepari

98 3905 266 3967 postponite
283 3903 288 3969 Ι
304 3905 344 3954 est
361 3901 458 3968 lingue]
476 3904 524 3968 (vl2
544 3906 570 3954 et
587 3902 675 3969 lingue
690 3903 742 3968 158
761 3902 783 3952 si
801 3903 836 3966 (o)
852 3902 857 3968 Ι
872 3899 956 3952 desint
975 3901 1010 3966 (a)
