2474 4440
563 222 693 274 EPODON
713 227 735 274 5.

238 395 363 473 lmpube
386 413 503 473 corpus,
527 395 612 472 quale
634 405 735 472 posset
756 396 843 475 impia

286 481 400 540 Mollire
421 480 567 540 Thracum
590 489 720 558 pectora,

169 578 196 628 ts
241 566 369 636 Canidia,
393 563 530 625 brevibus
552 563 698 642 implicata
720 565 827 644 viperis

288 651 383 712 Criuis
405 659 435 710 et
457 650 640 727 incomptum
663 661 760 728 caput,
867 726 869 731 ,

239 735 326 796 lubet
347 734 491 814 sepulcris
514 734 669 812 caprificos
691 745 798 805 erutas,

265 821 372 897 ¹lubet
394 838 552 899 cupressus
575 818 707 879 funebris

241 906 278 966 Et
300 915 389 965 uncta
411 905 506 983 turpis
530 922 581 963 ova
604 923 693 964 ranae
716 905 859 983 sanguine

168 1003 196 1053 tt
284 990 476 1067 plumamque
502 997 664 1049 nocturnae
687 989 785 1067 strigis

240 1075 421 1153 Herbasque,
445 1092 517 1153 quas
539 1073 634 1134 lolcos
657 1081 744 1151 atque
766 1073 885 1133 Hiberia

287 1161 375 1220 Mittit
395 1177 579 1218 venenorum
603 1159 693 1229 ferax,

240 1245 278 1305 Et
300 1264 364 1305 ossa
388 1245 423 1302 ab
447 1261 498 1303 ore
521 1251 603 1321 rapta
626 1244 741 1304 ieiunae
764 1244 845 1304 canis

286 1330 424 1389 Flammis
447 1328 529 1387 aduri
552 1327 706 1388 Colchicis.

169 1427 196 1475 25
240 1417 278 1475 dt
299 1415 433 1494 expedita
457 1414 579 1490 Sagana,
601 1432 656 1492 per
678 1422 768 1472 totam
791 1414 911 1473 domum

288 1501 437 1578 Spargens
460 1497 610 1558 Avernalis
632 1517 731 1576 aquas

241 1585 350 1645 Horret
372 1584 493 1662 capillis,
516 1592 549 1643 ut
571 1584 703 1643 marinus
725 1582 836 1663 asperis

287 1669 419 1729 Echinus
442 1680 491 1729 aut
512 1687 637 1729 currens
659 1687 740 1747 aper.

239 1755 348 1815 Abacta
372 1755 451 1815 nulla
474 1754 543 1814 Veia
567 1755 747 1814 conscientia

137 1896 139 1901 .
169 1849 197 1899 to
283 1839 447 1918 Ligonibus
469 1840 550 1899 duris
572 1839 693 1899 humum

240 1924 446 1996 Exhauriebat,
470 1925 625 2002 ingemens
648 1923 806 1993 laboribus,

288 2010 354 2085 Quo
377 2019 478 2088 posset
500 2010 630 2068 infossus
650 2027 726 2088 puer

241 2093 345 2173 Longo
368 2096 414 2156 die
437 2094 482 2155 bis
505 2105 609 2170 terque
630 2103 758 2153 mutatae
780 2093 862 2172 dapis

288 2179 417 2240 lncmori
440 2179 619 2259 spectaculo,

169 2275 197 2324 35
241 2264 313 2324 Cum
338 2265 519 2343 promineret
542 2282 602 2334 ore,
627 2274 769 2340 quantum
793 2269 1007 2339 exstanteque

288 2349 438 2429 Suspensa
462 2357 562 2408 mento
585 2366 724 2428 corpora;

241 2433 363 2495 Exsecta
387 2436 428 2494 uti
453 2433 578 2494 medulla
601 2441 631 2493 et
652 2433 765 2493 aridum
788 2432 871 2492 iecur

287 2520 402 2579 Amoris
426 2528 502 2579 esset
523 2519 673 2598 poculum,

240 2605 433 2664 interminato
456 2623 523 2664 cum
547 2602 637 2662 semel
659 2605 732 2663 fixae
755 2604 822 2663 cibo

168 2700 196 2749 to
284 2689 485 2749 intabuissent
507 2688 643 2767 pupulas.

240 2774 307 2835 Non
331 2775 458 2836 defuisse
481 2773 626 2833 masculae
649 2772 779 2832 libidinis

287 2861 502 2920 Ariminensem
528 2858 647 2927 Foliam,

241 2944 279 3004 Et
302 2946 393 3005 otiosa
416 2944 540 3005 credidit
562 2943 700 3020 Neapolis

155 3033 158 3037 ’
288 3028 325 3089 Et
348 3048 435 3089 omne
458 3029 586 3088 vicinum
611 3028 761 3106 oppidum,

170 3122 198 3171 45
242 3113 324 3183 Quae
347 3115 441 3174 sidera
465 3123 618 3174 excantata
639 3132 710 3173 voce
734 3112 871 3172 Thessala

286 3197 460 3277 Lunamque
483 3197 562 3258 caelo
585 3198 701 3276 deripit.

240 3281 295 3343 Hic
319 3285 498 3344 inresectum
521 3301 604 3343 saeva
626 3284 715 3343 dente
737 3282 824 3343 livido
917 3305 919 3310 ¹

289 3368 406 3428 Canidia
430 3368 538 3428 rodens
562 3368 707 3446 pollicem,

242 3452 318 3522 Quid
342 3454 414 3513 dixit
436 3463 487 3513 aut
510 3453 578 3531 quid
603 3450 714 3512 tacuit?
756 3445 794 3512 ‘0
818 3449 908 3511 rebus
931 3448 1003 3509 meis

168 3548 196 3596 50
282 3537 348 3597 Non
372 3538 504 3598 infideles
526 3537 661 3607 arbitrae,

240 3622 304 3683 Nox
328 3632 358 3683 et
382 3623 483 3694 Diana,
506 3641 580 3699 quae
604 3623 753 3682 silentium
776 3621 862 3700 regis,

287 3709 401 3768 Arcana
424 3726 492 3768 cum
515 3710 590 3766 tirrnt
611 3726 702 3778 sacra,

113 3812 131 3817 ’ἡ
176 3813 314 3895 iffi
333 3841 440 3906 inligata
465 3839 469 3905 Ι
492 3841 522 3890 18
543 3854 677 3905 cupressos
702 3842 706 3907 l
731 3843 760 3892 21
783 3845 826 3890 aut
849 3839 853 3905 l
878 3839 910 3888 28
929 3837 1037 3889 Laurens
1052 3834 1081 3886 Ν.

110 3914 166 3961 mres
190 3913 194 3977 Ι
219 3913 249 3962 37
270 3914 373 3961 exsucta
392 3911 428 3971 (v)
