2474 4440
470 241 642 294 GthllNUlll
659 244 690 296 lll
708 249 732 298 4.

191 411 356 492 Utcumque
375 431 487 474 meeum
504 433 554 474 vos
570 415 659 488 eritis,
676 415 771 478 libens

190 495 388 559 Insanientem
405 499 498 558 navita
514 499 700 578 Bosphorum

233 583 397 662 Temptabo
413 593 442 643 et
457 585 570 645 urentis
585 586 710 646 harenas

285 667 396 728 Litoris
411 668 520 747 Assyrii
536 670 637 742 viator,

190 784 282 845 Visam
299 787 458 846 Britannos
472 786 638 864 hospitibus
653 788 732 848 ieros

189 868 224 929 Et
238 871 348 932 laetum
365 871 475 949 equino
491 872 635 949 sanguine
652 873 833 949 Concanum,

230 955 325 1017 Visam
341 957 524 1035 pharetratos
540 955 669 1017 Gelonos

283 1041 322 1100 Et
337 1040 505 1120 Scythicum
522 1040 678 1101 inviolatus
693 1061 819 1104 amnem.

188 1157 241 1217 Vos
257 1159 409 1220 Caesarem
425 1159 523 1231 altum,
540 1160 639 1219 militia
654 1160 739 1221 simul

188 1241 288 1304 Fessas
304 1243 441 1305 cohortes
456 1243 566 1303 abdidit
581 1245 705 1323 oppidis,

230 1327 331 1389 Finire
346 1337 537 1406 quaerentem
553 1328 677 1403 labores,

282 1413 378 1473 Pierio
394 1414 533 1473 recreatis
549 1425 634 1474 antro
643 1433 651 1488 ;

187 1530 240 1591 Vos
256 1533 323 1593 lene
340 1531 496 1592 eonsilium
514 1539 543 1591 et
558 1532 632 1592 datis
647 1542 675 1591 et
687 1532 754 1593 dato

185 1613 332 1689 Gaudetis,
348 1616 449 1677 almae.
481 1617 605 1688 Scimus,
621 1626 654 1676 ut
670 1617 775 1694 impios

228 1702 347 1762 Titanas
363 1701 572 1778 inmanemque
588 1701 704 1762 turbam

280 1786 414 1847 Fulmina
430 1787 581 1848 sustulerit
597 1787 717 1858 caduco,

184 1901 238 1972 Qui
255 1913 362 1965 terram
380 1905 515 1976 inertem,
532 1905 582 1982 qui
600 1922 679 1964 mare
694 1913 838 1983 temperat

184 1986 342 2050 Ventosum
359 1999 388 2049 et
404 1988 485 2049 urbis
501 2007 651 2067 regnaque
666 1990 758 2050 tristia

228 2075 373 2153 Divosque
387 2075 575 2151 mortalisque
592 2085 702 2134 turmas

277 2158 404 2238 Imperio
421 2159 497 2237 regit
512 2178 589 2219 unus
604 2177 709 2237 aequo.
727 2194 766 2203 —

181 2273 318 2356 Magnum
334 2278 381 2338 illa
398 2286 542 2337 terrorem
559 2277 698 2337 intulerat
712 2277 770 2337 lovi

183 2358 287 2424 Fidens
303 2363 439 2422 iuventus
455 2362 573 2422 horrida
589 2362 733 2423 bracchiis

224 2447 400 2526 Fratresque
417 2445 572 2507 tendentes
588 2464 680 2526 opaco

276 2532 376 2592 Pelion
393 2531 566 2610 imposuisse
583 2531 720 2611 Olympo.

179 2647 233 2709 Sed
249 2649 319 2727 quid
336 2649 493 2728 Typhoeus
507 2659 537 2709 et
552 2649 661 2710 validus
676 2650 777 2719 Mimas

179 2734 234 2794 hut
250 2735 320 2811 quid
336 2734 444 2794 minaei
460 2733 645 2814 Porphyrion
663 2728 749 2806 statu,

222 2818 299 2888 Quid
316 2819 447 2880 Rhoetus
463 2819 625 2897 evolsisque
640 2821 754 2879 truncis

274 2903 438 2964 Enceladus
454 2904 594 2963 iaculator
609 2904 701 2963 audax

179 3020 286 3082 Contra
301 3030 457 3082 sonantem
474 3020 597 3081 Palladis
613 3022 712 3099 aegida

177 3104 301 3169 Possent
317 3104 458 3166 ruentes?
474 3105 545 3166 hino
561 3106 661 3166 avidus
676 3107 755 3166 stetit

221 3191 378 3264 Volcanus,
395 3190 464 3251 hino
480 3200 615 3250 matrona
631 3191 705 3250 luno
722 3202 751 3250 et

271 3276 436 3354 Numquam
453 3275 562 3336 umeris
579 3275 729 3353 positurus
744 3294 854 3347 arcum,

175 3392 230 3464 Qui
246 3412 315 3454 rore
331 3412 404 3473 puro
421 3394 559 3455 Castaliae
574 3393 641 3453 lavit

174 3479 269 3540 Crinis
284 3478 405 3552 solutos,
422 3480 472 3556 qui
488 3478 594 3558 Lysiae
610 3487 691 3537 tenet

216 3564 341 3625 Dumeta
358 3564 541 3641 natalemque
557 3564 667 3633 silvam,

272 3649 371 3710 Delius
387 3657 416 3709 et
432 3649 570 3708 Patareus
586 3647 700 3725 Apollo.
718 3679 757 3688 -

80 3737 250 3758 N..—

136 3773 164 3826 lV
187 3797 211 3830 υ.
240 3783 272 3834 31
292 3782 461 3846 οῐειιῑὶ(3.·ε)ε
479 3781 513 3845 (ol
538 3779 542 3847 l
566 3782 598 3832 38
626 3780 709 3831 lessus
731 3783 766 3844 (ol
789 3780 933 3829 Leontinus
957 3781 961 3843 Ι
986 3777 1083 3830 addidit
1102 3796 1116 3829 u

80 3834 155 3964 fiissiiedilt
163 3848 224 3966 511²!
240 3851 273 3901 43
293 3853 400 3900 turmam
420 3851 454 3914 (a)
469 3851 473 3915 1
489 3852 520 3900 4Ί
541 3849 627 3900 turbas
648 3845 653 3916 Ι
674 3851 704 3901 51
725 3863 831 3914 opacum
851 3847 908 3897 roll.
929 3847 1002 3899 Hom.
1018 3847 1063 3900 Od.
1085 3846 1117 3898 lll
