2474 4440
175 180 195 236 4
591 181 762 235 CARMlNUM
780 184 790 235 l
808 186 832 236 3.

245 359 260 408 5
302 351 396 424 Navis,
413 371 488 430 quae
503 352 556 413 tibi
569 353 714 414 creditum

348 437 443 498 Debes
458 437 616 515 Vergilium
632 438 741 499 finibus
756 437 874 513 Atticis;

301 522 415 584 Reddas
429 521 609 582 incolumem
631 541 738 600 precor

347 607 384 667 Et
399 624 496 667 serves
512 607 625 668 animae
640 607 793 667 dimidium
810 626 902 668 meae.
924 644 965 653 —

302 691 347 752 llli
363 691 456 752 robur
472 699 502 750 et
516 709 565 752 aes
580 691 686 770 triplex

231 788 260 838 10
346 775 429 837 Circa
445 784 548 854 pectus
563 785 635 848 erat,
651 776 701 855 qui
717 776 848 854 fragilem
864 778 942 838 truci

301 860 444 922 Conmisit
458 859 562 938 pelago
578 868 671 920 ratem

350 944 468 1005 Primus
484 962 540 1005 nec
554 945 652 1005 timuit
666 945 855 1024 praecipitem
871 947 1000 1007 Africum

301 1029 507 1091 Decertantem
522 1029 718 1108 Aquilonibus

348 1115 409 1174 Nec
424 1112 515 1174 tristis
530 1113 645 1193 Hyadas
659 1132 716 1174 nec
731 1113 842 1174 rabiem
858 1115 935 1188 Noti,

233 1209 262 1258 15
307 1198 374 1269 Quo
391 1217 451 1258 non
468 1198 578 1258 arbiter
593 1197 716 1258 Hadriae

353 1282 455 1356 Maior,
471 1282 572 1343 tollere
588 1302 640 1343 seu
656 1301 767 1362 ponere
783 1283 843 1343 volt
856 1284 939 1344 freta.

304 1366 399 1437 Quem
415 1367 518 1427 mortis
532 1367 630 1427 timuit
643 1367 775 1446 gradum,

350 1451 407 1522 Qui
422 1451 508 1512 siccis
522 1452 616 1513 oculis
630 1459 762 1512 monstra
779 1452 917 1525 natantia,

306 1536 363 1608 Qui
379 1535 449 1596 vidit
462 1553 542 1596 mare
557 1535 708 1597 turbidum
724 1546 753 1596 et

230 1631 267 1682 ab.
344 1620 464 1680 lnsamis
478 1620 625 1698 scopulos,
640 1618 881 1681 Acroceraunia?

303 1705 488 1783 Nequiquam
504 1707 576 1765 deus
591 1704 715 1765 abscidit

349 1789 483 1849 Prudens
499 1789 620 1849 Oceano
635 1788 811 1850 dissociabili

305 1873 423 1946 Terras,
439 1873 463 1934 si
478 1882 576 1933 tamen
592 1873 698 1952 impiae

350 1958 417 2019 Non
433 1956 581 2035 tangenda
597 1968 674 2018 rates
689 1957 861 2018 transiliunt
874 1957 955 2017 vada.

231 2053 260 2102 25
303 2043 406 2104 Audax
422 2042 520 2103 omnia
535 2042 650 2121 perpeti

350 2127 430 2188 Gens
444 2127 572 2187 humana
587 2127 646 2187 ruit
660 2145 714 2205 per
728 2127 847 2186 vetitum
865 2127 962 2187 nelas:

304 2211 405 2272 Audax
420 2211 511 2290 lapeti
526 2229 621 2289 genus

349 2297 451 2375 Ignem
468 2295 570 2356 fraude
585 2296 659 2356 mala
675 2295 814 2374 gentibus
828 2295 936 2368 intulit,

303 2379 374 2443 Post
388 2382 487 2460 ignem
500 2381 628 2441 aetheria
643 2381 731 2441 domo

229 2475 260 2525 to
345 2465 530 2527 Subductum
545 2465 653 2527 macies
667 2474 697 2525 et
713 2483 787 2525 nova
802 2465 927 2525 febrium

303 2550 403 2612 'lerris
417 2551 553 2612 incubuit
568 2550 674 2611 cohors

352 2635 523 2714 Semotique
538 2635 621 2714 prius
635 2635 717 2695 tarda
734 2633 893 2694 necessitas

304 2719 368 2781 Leti
384 2719 528 2799 corripuit
541 2720 681 2798 gradnm;

144 2875 147 2882 Ι
243 2822 249 2829 ’
348 2804 496 2884 Expertus
510 2823 635 2864 vacuum
651 2803 794 2864 baedalus
809 2819 877 2862 aera

79 2964 83 2972 Ι
147 2896 156 2935 -'
232 2897 262 2948 ab
304 2888 418 2950 Pennis
432 2908 493 2949 non
511 2889 623 2949 bomini
639 2888 729 2961 datis;

349 2973 490 3052 Perrupit
503 2973 671 3034 Acheronta
687 2971 849 3033 llerculeus
864 2970 956 3031 labor.
971 3004 1014 3014 -

302 3057 349 3118 Nil
365 3057 538 3119 mortalibus
552 3057 637 3118 ardui
653 3065 712 3118 est:
760 3120 762 3125 ,

274 3162 277 3169 ·
349 3141 468 3204 Caelum
483 3143 579 3222 ipsum
596 3142 723 3220 petimus
738 3139 857 3201 stultitia
875 3158 972 3219 neque

280 3262 283 3268 ·
304 3225 360 3288 Per
375 3236 509 3288 nostrum
525 3227 654 3307 patimur
669 3226 765 3287 scelus

230 3319 261 3371 tt
346 3310 488 3373 Iracunda
504 3312 604 3374 lovem
621 3329 734 3390 ponere
749 3309 882 3370 fulmina.

119 3552 123 3557 ,
235 3546 239 3551 .
260 3494 291 3547 lll
307 3511 332 3548 o.
351 3498 367 3548 6
384 3495 464 3561 debes
475 3493 628 3561 Vergilium
642 3493 736 3547 finibus
753 3492 846 3545 Atticis
863 3489 954 3542 reddas
972 3491 1007 3542 al.
1030 3489 1035 3556 l
1059 3477 1196 3555 [ll—llll

176 3562 356 3629 tunginum
385 3566 390 3627 Ι
418 3565 452 3617 22
477 3562 649 3615 dissociabilis
673 3566 703 3624 ts.
723 3563 761 3625 es)
787 3566 868 3612 terras
890 3562 951 3625 port
974 3557 1138 3610 Gatalteriom
1162 3551 1184 3598 al

108 3672 134 3733 qs
175 3630 314 3701 mum
330 3648 348 3682 a
365 3632 446 3685 lanio
464 3632 481 3683 l.
499 3632 587 3682 Bentl.
603 3630 607 3698 Ι
623 3632 655 3682 35
674 3628 778 3696 pinnis}
795 3631 826 3680 37
845 3626 950 3679 arduum
969 3632 1009 3678 est

635 3801 787 3810 *—
