2474 4440
412 107 584 160 eaumuutt
601 109 631 162 lll
650 113 690 163 29.

144 281 202 339 lam
226 289 327 358 pastor
349 279 470 342 umbras
492 299 559 341 cum
581 299 669 359 grege
693 282 831 362 languido

142 364 306 441 Rivumque
329 365 423 426 fessus
445 367 560 445 quaerit
582 375 611 426 et
632 366 743 427 horridi

188 448 312 509 llumeta
335 449 443 511 Silvani
466 459 604 529 caretque
654 524 655 527 Ἴ

238 533 311 612 Ripa
333 535 413 614 ragis
435 535 581 596 taciturna
604 536 712 597 ventis:

141 668 184 728 Tu
207 667 351 728 civitatem
375 669 441 748 quis
463 670 564 730 deceat
585 677 677 730 status

142 753 232 814 Cures
254 762 283 813 et
305 752 372 813 urbi
395 752 538 814 sollicitus
560 754 654 828 times,

187 836 265 906 Quid
287 836 374 898 Seres
396 847 425 898 et
447 848 567 916 regnata
592 838 666 918 Cyro

237 920 340 981 Bactra
362 931 468 1000 parent
489 923 655 1001 Tanaisque
679 923 800 984 discors.
826 956 862 967 -

140 1056 275 1118 Prudens
297 1056 388 1117 futuri
410 1057 552 1135 temporis
574 1057 684 1118 exitum

140 1140 303 1219 Caliginosa
326 1150 413 1201 nocte
436 1141 543 1219 premit
564 1141 646 1215 deus,
737 1159 741 1166 ·

189 1224 344 1303 Ridetque‚
367 1225 391 1286 si
414 1226 545 1286 mortalis
567 1226 645 1286 ultra

236 1309 292 1370 Fas
314 1309 449 1390 trepidat.
494 1309 579 1380 Quod
602 1310 683 1370 adest
705 1317 853 1371 memento

140 1443 325 1522 componere
347 1462 474 1522 aequus:
498 1454 594 1505 cetera
617 1442 748 1504 fluminis

140 1529 208 1589 Ritu
231 1528 377 1602 feruntur,
403 1547 484 1590 nunc
507 1529 602 1590 medio
625 1528 705 1587 alveo

184 1612 258 1673 Cum
279 1631 351 1692 pace
374 1613 536 1674 delabentis
559 1614 717 1673 Etruscum

236 1697 270 1758 ln
294 1716 384 1772 mare,
407 1716 489 1759 nunc
512 1698 621 1779 lapides
643 1698 746 1758 adesos

139 1831 303 1910 Stirpisque
325 1843 424 1913 raptas
446 1843 475 1894 et
495 1852 587 1913 pecus
609 1842 639 1892 et
661 1832 764 1892 domos

138 1916 287 1977 volventis
308 1937 368 1978 una
391 1937 453 1978 non
477 1918 541 1979 sine
564 1917 711 1977 montium

185 1999 319 2063 Clamore
340 2003 513 2081 vicinaeque
535 2002 631 2075 silvae,

233 2085 306 2146 Cum
329 2088 389 2148 sera
412 2087 534 2148 diluvies
556 2087 671 2164 quietos

137 2219 239 2280 Inritat
262 2224 364 2283 amnis.
411 2222 462 2282 llle
484 2230 592 2301 potens
614 2221 659 2282 sui

137 2304 301 2384 laetusque
324 2306 419 2384 deget,
443 2307 490 2367 cui
512 2306 581 2366 licet
601 2305 632 2365 in
656 2305 732 2365 diem

182 2389 294 2452 llixisse
313 2384 416 2451 ‘vixi':
440 2409 505 2452 cras
526 2390 572 2450 vel
594 2398 655 2450 atra

232 2475 316 2536 Nube
339 2474 439 2555 polum
463 2484 546 2555 pater
570 2484 713 2554 occupato

137 2608 188 2669 Vel
211 2609 271 2670 sole
294 2628 385 2690 puro;
409 2629 471 2670 non
494 2619 592 2670 tamen
615 2609 737 2669 inritum

137 2692 349 2773 Quodcumque
371 2703 450 2755 retro
473 2704 519 2755 est
540 2694 647 2754 efficiet
670 2712 767 2773 neque

181 2778 323 2857 Dilfinget
343 2780 545 2857 inlectumque
568 2778 670 2839 reddet

234 2863 319 2933 Quod
342 2865 459 2942 fugiens
482 2863 573 2924 semel
595 2863 667 2923 hora
691 2863 776 2923 rexit.
800 2895 838 2906 -

137 2994 269 3058 Fortuna
292 3016 377 3059 saevo
401 3000 474 3060 laeta
498 2997 616 3077 negotio
639 3008 669 3057 et

135 3079 250 3142 Ludum
275 3083 450 3144 insolentem
473 3083 576 3144 ludere
597 3082 734 3161 pertinax

120 3207 121 3210 κ
180 3166 370 3228 Transmutat
392 3169 521 3229 incertos
543 3167 682 3238 honores,

233 3252 318 3315 Nunc
339 3253 419 3327 mihi,
442 3271 523 3313 nunc
545 3252 591 3311 alii
614 3251 751 3326 benigna.

93 3401 206 3410 ἡ...

94 3498 170 3551 lllllX
191 3516 215 3553 o.
235 3502 267 3552 32
285 3499 396 3566 trepidet
422 3500 427 3566 Ι
455 3503 488 3552 34
513 3515 622 3569 aequore
646 3503 679 3566 (o)
704 3500 708 3564 Ι
732 3501 764 3551 37
782 3503 878 3568 raptas]
896 3526 930 3546 =
948 3500 1005 3552 cod.
1025 3500 1079 3552 Gla·

103 3566 165 3634 Vp.
184 3571 226 3631 40,
245 3569 260 3620 8
280 3568 312 3619 K:
331 3573 419 3634 raptos
436 3570 476 3618 idi
492 3570 631 3620 Puteolaius
651 3568 695 3619 Gr.
716 3567 774 3620 Lot.
790 3585 817 3634 p.
838 3570 902 3620 1895
918 3569 923 3636 Ι
938 3570 971 3619 43
988 3559 1077 3631 ‘vixi’]

93 3651 117 3698 τε,
135 3637 207 3701 quod
223 3639 316 3701 sciam,
330 3641 478 3700 praeeunte
496 3637 612 3687 aliorum
624 3639 853 3702 interpretatione,
871 3633 878 3652 ‘
896 3633 904 3656 ’
923 3639 1043 3700 signauit
1055 3636 1082 3685 H

104 3708 173 3754 certe
191 3708 246 3755 tom
264 3705 388 3755 indicare
405 3704 491 3754 coluit
508 3704 586 3754 Mein.
605 3703 720 3755 Dixisse:
743 3704 798 3755 Vixi
806 3706 835 3769 :);
852 3697 1034 3756 ‘vixi—vexit’
1052 3719 1077 3756 υ.

93 3794 99 3814 =
118 3770 170 3836 ot)
188 3764 422 3823 et‘vixi-Pollux’
441 3789 466 3822 o.
485 3774 518 3824 ot
536 3773 578 3836 (=
596 3773 628 3826 F.
647 3771 753 3834 Bittcr5
770 3773 811 3838 M)
829 3773 863 3826 ol.
