2520 4434
468 240 640 293 CARMlNUlll
658 241 677 292 ll
698 244 735 293 16.
758 245 795 293 ll.

220 411 348 472 Abstulit
363 412 473 472 clarum
489 412 546 472 cita
562 430 643 472 mors
658 389 811 484 dchillem,

150 507 178 556 30
221 496 323 574 Longa
340 497 500 557 Tithonum
516 496 623 558 minuit
638 507 776 557 senectus

222 580 258 640 Et
273 582 344 641 mihi
360 583 471 654 forsan,
487 580 542 641 tihi
558 581 637 659 quod
654 583 778 660 negarit,

297 665 431 744 Porriget
446 667 528 726 hora.

221 784 262 843 Te
278 802 383 862 greges
398 794 517 844 centum
535 783 711 861 Siculaeque
726 785 838 844 circum

221 867 357 946 Mugiunt
372 887 484 942 vaccae,
502 867 555 928 tibi
570 868 647 928 tollit
660 869 811 928 hinnitum

150 962 177 1010 35
223 954 297 1031 Apta
312 952 461 1031 quadrigis
476 971 560 1031 equa,
577 961 605 1013 te
621 952 666 1013 bis
681 954 752 1012 Alro

300 1038 413 1099 Murice
427 1038 537 1098 tinctae

222 1154 357 1215 Vestiunt
371 1156 470 1215 lanae:
486 1155 555 1214 mihi
572 1172 657 1233 parva
674 1171 743 1213 rura
759 1163 789 1214 et

224 1239 366 1317 Spiritum
383 1239 486 1299 Graiae
501 1249 621 1299 tenuem
639 1238 783 1299 Camenae

223 1323 314 1383 Parca
331 1342 390 1383 non
408 1324 532 1384 mendax
548 1322 626 1383 dedit
642 1334 671 1383 et
685 1324 846 1402 malignum

300 1408 449 1486 Spernere
464 1407 576 1486 volgus.

594 1675 672 1735 XVll

226 1793 284 1854 Cur
300 1813 346 1854 me
363 1794 500 1872 querellis
516 1795 664 1854 exanimas
680 1790 759 1854 tuis?

224 1879 284 1939 Nec
301 1879 345 1939 dis
360 1878 485 1938 amicum
501 1888 616 1939 estnec
633 1878 713 1951 mihi,
729 1887 758 1938 te
774 1877 856 1956 prius

272 1962 372 2036 Ohire,
388 1962 551 2037 Maecenas,
567 1981 698 2023 mearum

321 2046 437 2107 Grande
453 2047 544 2108 decus
559 2049 756 2126 columenque
772 2045 881 2109 rerum.

167 2173 181 2221 5
224 2165 256 2236 Α,
273 2174 302 2224 te
318 2182 400 2224 meae
415 2165 439 2224 si
455 2175 567 2243 partem
584 2166 698 2225 animae
714 2167 790 2244 rapit

227 2248 368 2308 Maturior
389 2249 440 2321 vis,
457 2250 526 2327 quid
543 2268 643 2310 moror
658 2251 758 2322 altera,

275 2334 335 2393 Nec
351 2351 436 2394 carus
451 2353 545 2412 aeque
561 2354 616 2395 nec
633 2344 783 2413 superstes

326 2417 466 2497 integer?
481 2419 530 2479 ille
545 2421 607 2480 dies
622 2430 777 2497 utramque

227 2535 320 2596 bucet
334 2536 459 2597 ruinam.
489 2537 555 2597 Non
572 2555 628 2614 ego
643 2537 789 2616 pertidum

49 2651 51 2654 >
156 2619 183 2679 1'0
226 2619 290 2680 uixi
306 2631 537 2682 sacramentum:
554 2622 669 2694 ibimus,
685 2622 803 2693 ibimus,

272 2704 438 2783 Utcumque
454 2707 623 2785 praecedes,
646 2723 816 2785 supremum

324 2790 451 2869 Carpere
467 2791 523 2851 iter
539 2791 661 2852 comites
676 2791 779 2870 parati.

227 2906 272 2966 llle
289 2926 344 2967 nec
360 2907 528 2968 Chimaerae
543 2909 664 2987 spiritus
680 2909 783 2987 igneae

226 2991 297 3064 Nec,
313 2992 336 3052 si
352 3004 495 3071 resurgat,
513 2993 697 3053 centimanus
712 2993 788 3072 Gyas

156 3083 183 3132 15
269 3075 390 3136 llivellct
405 3094 558 3154 umquam;
575 3077 616 3138 sic
631 3078 746 3156 potenti

325 3159 452 3221 iustitiae
468 3161 667 3240 placitumque
682 3161 790 3221 Parcis.

229 3276 287 3336 Seu
304 3277 391 3338 Libra
406 3298 458 3339 seu
474 3298 520 3338 me
537 3280 676 3358 Scorpios
691 3279 814 3357 adspicit

229 3361 456 3436 Formidolosus,
472 3382 541 3442 pars
557 3365 714 3425 violentior

272 3446 380 3508 Natalis
396 3449 494 3521 horae,
511 3467 563 3509 seu
579 3457 723 3528 tyrannus

326 3531 484 3611 Hesperiae
500 3533 698 3611 Capricornus
714 3533 819 3603 undae,

185 3777 240 3829 XVl
259 3797 282 3830 o.
302 3784 331 3832 31
352 3781 431 3831 lorset
448 3783 482 3842 (o)

184 3846 250 3898 XVll
268 3865 291 3898 o.
313 3851 343 3899 14
362 3847 439 3914 Gyas]
458 3848 603 3899 Lambinus
626 3847 661 3907 cs.
679 3864 703 3898 u.
723 3848 738 3898 l.
758 3865 779 3900 o.
797 3847 865 3911 1114,
880 3849 924 3899 69:
945 3847 1018 3912 gigas
1037 3850 1074 3914 (u)
1095 3867 1166 3920 gyge

97 3916 134 3978 (o)
153 3916 243 3979 gigans
262 3919 296 3980 (u)
313 3915 316 3982 l
335 3918 364 3968 19
383 3916 444 3979 letor
461 3916 573 3972 loellalis
591 3917 626 3979 (o)
