2474 4440
440 243 628 298 sartandum
649 245 668 296 ll
688 251 711 300 5.

123 407 198 476 ‘Dixi
220 415 358 494 equidem
381 425 410 476 et
432 415 514 476 dico:
537 426 638 495 captes
661 427 775 479 astutus
798 417 908 497 ubique

122 499 310 564 Testamenta
332 518 439 562 senum
461 520 529 571 neu,
553 502 577 561 si
598 504 679 563 valer
703 522 781 564 unus
803 514 832 563 et
854 506 927 565 alter

122 586 330 648 Insidiatorem
354 604 495 665 praeroso
520 587 628 665 sugerit
651 589 747 660 liamo,
1087 603 1115 653 33

118 674 181 732 Aut
203 689 287 751 spem
310 670 442 750 deponas
464 681 514 731 aut
535 681 626 731 artem
650 673 765 733 inlusus
790 673 915 735 omittas.

121 756 230 832 Magna
252 756 387 816 minorve
409 757 475 816 loro
498 756 522 816 si
546 775 592 817 res
615 756 777 818 certabitur
799 757 878 831 olim,

115 841 204 902 Vivet
227 852 293 902 uter
314 841 448 920 locuples
470 841 535 901 sine
557 843 663 920 gnatis,
687 842 850 920 improbus,
873 844 951 904 ultro

116 927 179 997 Qui
202 926 354 987 meliorem
377 927 470 986 audax
493 937 577 986 vocet
598 927 628 987 in
653 928 706 1000 ius,
729 928 807 988 illius
829 937 891 989 esto

116 1010 314 1083 Defensori
311 1029 374 1071 ama
398 1011 491 1072 civem
514 1029 660 1090 causaque
684 1013 812 1090 priorem
1082 1026 1111 1076 tto

117 1097 250 1197 Sperne
271 1096 350 1156 dorni
371 1098 397 1157 si
419 1106 531 1196 gnatus
549 1097 605 1157 erit
626 1098 787 1158 secundave
809 1098 950 1159 coniunx.

111 1171 250 1253 ‘Quinte'
269 1193 343 1282 puta
355 1191 407 1241 aut
418 1172 565 1241 ‘Publi'·
551 1182 711 1261 -tgauden
726 1183 919 1279 praenomine
935 1183 1039 1245 molles

122 1267 314 1328 luriculae·
334 1260 401 1326 ‘tibi
424 1285 471 1326 me
494 1267 586 1327 virtus
608 1279 657 1327 tua
680 1268 749 1328 lecit
772 1268 912 1342 amienm;

123 1352 170 1413 lus
193 1370 307 1447 anceps
327 1351 405 1447 povi,
429 1369 532 1412 causas
555 1353 715 1413 defendere
737 1371 869 1431 possum,

123 1437 237 1517 Eripiet
259 1436 352 1514 quivis
374 1436 476 1498 oculos
500 1437 585 1498 citius
607 1438 677 1498 mihi
701 1456 789 1515 quam
812 1448 841 1498 te
1081 1450 1111 1501 tt

125 1521 332 1601 Contemptum
354 1540 435 1582 cassa
459 1541 535 1582 nuce
558 1534 721 1621 pauperet;
744 1524 815 1583 baec
838 1540 902 1583 mea
925 1541 995 1584 cura
1019 1533 1074 1599 est,

121 1607 235 1687 Nequid
257 1616 290 1666 tu
311 1607 418 1686 perdas
441 1626 499 1668 neu
523 1607 563 1668 sis
585 1598 685 1668 iocus.
726 1608 772 1668 lre
793 1607 912 1668 domum
936 1618 1023 1686 atque

123 1693 291 1754 Pelliculam
313 1710 417 1753 curare
439 1691 521 1768 iube3
545 1693 564 1752 fi
587 1694 724 1771 cognitor
746 1693 818 1769 ipse,

123 1777 225 1840 Persta
244 1787 332 1855 atque
355 1776 477 1851 obdura,
500 1796 551 1839 seu
575 1778 665 1839 rubra
687 1776 820 1837 canicula
843 1777 935 1838 findet

123 1862 245 1924 lnlantis
267 1872 377 1923 statuas
399 1881 451 1923 seu
473 1863 578 1942 pingui
600 1873 700 1923 tentus
723 1881 823 1922 omaso
1081 1875 1110 1925 40

122 1946 229 2010 Furius
250 1946 390 2008 hibernas
412 1966 485 2007 cana
509 1948 575 2008 nive
598 1958 744 2026 conspuet
766 1947 855 2027 Alpis.

121 2025 241 2095 ‘Nonne
262 2022 360 2104 vides,'
386 2033 491 2111 aliquis
514 2033 614 2093 cubito
637 2042 763 2095 stantem
787 2051 881 2112 prope
904 2042 1031 2133 tangens

123 2111 267 2197 lnquiet‘
272 2128 306 2178 ut
327 2118 453 2196 patiens,
478 2129 510 2178 ut
532 2119 634 2179 amicis
656 2129 751 2215 aptus,
773 2127 807 2178 ut
829 2110 931 2179 acer‘l

124 2205 225 2266 Plures
248 2203 399 2263 adnabunt
387 2204 527 2283 tthynni
549 2216 578 2263 et
601 2205 708 2265 cetaria
731 2214 876 2266 crescent.

125 2290 203 2350 Sicui
225 2299 378 2369 praeterea
400 2288 512 2349 validus
534 2289 610 2348 male
632 2290 739 2350 tilius'
732 2310 762 2350 1n
786 2308 818 2351 re
1080 2299 1110 2350 45

122 2374 273 2435 Praeclara
295 2373 427 2434 sublatus
449 2373 552 2445 aletur,
576 2393 613 2434 ne
637 2375 825 2436 manifestum

124 2459 246 2521 Caelibis
269 2459 444 2536 obsequium
469 2459 561 2519 nudet
583 2468 622 2530 te,
645 2460 753 2519 leniter
776 2460 805 2520 in
829 2477 911 2538 spem

120 2546 235 2624 Adrepe
258 2544 417 2617 officiosus,
441 2553 473 2603 ut
496 2554 524 2603 et
546 2543 675 2604 scribare
699 2542 848 2604 secundus

121 2630 213 2692 Heres
236 2639 274 2703 et,
297 2629 389 2706 siquis
412 2646 496 2689 casus
518 2647 644 2707 puerum
668 2628 761 2706 egerit
784 2628 871 2698 Orco,

122 2717 153 2776 ln
176 2733 303 2776 vacuum
325 2714 441 2789 venias,
465 2732 587 2793 perraro
609 2714 682 2773 haec
704 2712 765 2772 alea
788 2710 869 2771 fallit.
893 2745 934 2755 -
1081 2721 1110 2771 5ο

121 2801 176 2872 Qui
199 2808 409 2861 testamentum
432 2799 528 2859 tradet
550 2798 603 2859 tibi
626 2815 754 2876 cumque
776 2796 944 2875 legendum,

120 2887 260 2946 Abnuere
282 2894 313 2945 et
333 2884 448 2945 tabulas
471 2903 486 2943 3
509 2894 538 2945 te
561 2902 711 2943 removere
733 2891 893 2950 memento,

121 2972 169 3031 Sic
192 2980 304 3043 tamen,
327 2978 360 3030 ut
382 2969 459 3029 limis
481 2970 586 3048 rapias,
612 2968 682 3046 quid
704 2968 798 3047 prima
821 2964 953 3027 secundo

122 3055 194 3117 Cera
216 3055 286 3115 velit
307 3071 411 3128 versu3
435 3053 515 3115 solus
537 3054 677 3114 multisne
700 3054 833 3123 coheres,
921 3100 922 3103 ,

120 3140 219 3201 Veloci
242 3158 384 3235 percurre
407 3140 502 3199 oculo.
548 3139 726 3216 Plerumque
748 3146 884 3198 recoctus
1080 3145 1108 3196 55

122 3225 223 3287 Scriba
247 3244 282 3285 er
306 3224 501 3302 quinqueviro
525 3243 645 3285 corvum
669 3223 788 3283 deludet
809 3222 940 3282 hiantem

123 3311 318 3391 Captatorque
341 3309 465 3369 dabit
443 3328 518 3370 risus
540 3310 643 3370 Nasica
667 3297 800 3368 Corano?

121 3395 194 3456 Num
219 3392 313 3455 luris?
335 3413 372 3454 an
395 3394 528 3473 prudens
550 3394 626 3455 ludis
648 3412 694 3454 me
717 3392 842 3454 obscura
865 3389 1021 3453 canendo?

119 3473 156 3540 ‘0
179 3479 340 3553 Laertiade,
365 3480 505 3558 quidquid
530 3480 623 3540 dicam
647 3489 697 3540 aut
719 3479 775 3538 erit
797 3490 848 3539 aut
870 3493 947 3550 non;

75 3625 237 3641 §—

125 3729 144 3778 V
163 3748 187 3783 3.
206 3734 238 3784 36
257 3733 339 3794 33333]
357 3734 406 3795 (3);
426 3745 518 3797 quassa
543 3728 548 3798 Ι
572 3732 605 3783 38
624 3730 646 3782 33
664 3732 698 3794 (ol
717 3730 752 3780 sis
770 3729 805 3792 (o)
829 3730 833 3789 1
858 3728 984 3793 cognitor;
1005 3728 1050 3790 (r.:
1068 3730 1108 3791 s.‚)

75 3805 102 3845 tte
116 3806 195 3863 persta
215 3801 251 3852 ol.
268 3801 272 3864 Ι
288 3802 321 3850 40
340 3799 443 3850 infamis
456 3799 487 3850 H.
499 3799 644 3849 Bluemner
661 3814 726 3850 mres.
736 3798 804 3862 pbil.
819 3800 859 3861 34,
880 3798 927 3850 166
939 3812 995 3860 sqq.
1010 3798 1015 3853 l
1030 3798 1062 3847 48
1083 3800 1108 3846 et

75 3863 123 3928 ι(3)
137 3875 165 3918 ut
182 3871 217 3934 (v)
235 3869 272 3920 uti
292 3867 463 3930 Heindorfiue
481 3871 510 3917 ut
528 3867 551 3917 ei
570 3867 724 3930 Madvigius
742 3864 969 3916 ado.crtt.1160
995 3864 999 3927 1
1025 3866 1107 3928 3933,

75 3935 94 3978 ll
115 3948 161 3986 non
187 3935 301 3987 divinare
327 3935 387 3986 mibi
418 3948 525 4000 magnus
551 3933 658 3985 donavit
674 3931 768 3999 Apollo
788 3931 1001 3996 Haberfeldtius‚
1027 3931 1108 3982 utet·
