2474 4440
197 246 259 306 1⁰4
630 252 759 306 neonou
780 260 801 310 i.
821 260 843 308 2.

256 434 284 483 25
329 423 395 484 Non
419 433 452 483 ut
474 424 604 484 iuvencis
627 425 744 502 inligata
767 427 901 506 pluribus

374 511 476 569 aratra
501 509 634 569 nitantur
655 510 728 571 meis

329 593 458 653 Pecusve
481 593 611 655 Calabris
633 603 702 655 ante
724 595 805 656 sidus
827 598 971 658 fervidum

375 677 492 739 Lucana
515 688 610 739 mutet
633 680 747 758 pascuis

327 763 438 842 Neque
453 772 486 824 nt
506 764 629 842 superni
651 765 716 824 villa
739 763 870 825 candens
893 765 1014 831 Tusculi

256 860 285 911 30
373 847 493 910 Circaea
515 858 617 926 tangat
638 850 764 909 moenia.
788 884 828 894 —

330 933 406 995 Satis
429 951 578 1011 superque
601 951 647 994 me
670 933 836 1013 benignitas
858 945 907 995 tua
968 948 970 952 ’

375 1018 494 1078 Ilitavit:
518 1018 596 1078 haud
618 1037 768 1098 paravero,

329 1103 416 1175 Quod
437 1114 487 1162 aut
509 1121 612 1164 avarus
634 1113 666 1164 ut
688 1104 829 1165 Chremes
851 1112 929 1164 terra
951 1125 1095 1185 premam,

376 1188 542 1249 Discinctus
565 1197 615 1247 aut
638 1190 757 1267 perdam
781 1207 884 1268 nepos.

728 1474 752 1535 ll

326 1587 449 1654 ‘Beatus
471 1593 592 1670 ille-qui
616 1593 719 1670 procul
743 1593 877 1669 negotiis,

380 1678 417 1739 Ut
438 1679 535 1757 prisca
557 1695 631 1755 gens
652 1676 830 1750 mortalium,

332 1763 456 1824 Paterna
479 1781 548 1822 rura
571 1763 667 1823 bobus
690 1771 808 1822 exercet
830 1762 899 1835 suis,

380 1848 499 1908 Solutus
522 1848 603 1907 omni
627 1849 757 1920 faenore,

275 1947 289 1995 5
331 1934 434 2011 Neque
457 1933 600 1992 excitatur
622 1932 744 1994 classico
767 1931 850 1992 miles
874 1932 947 1992 truci

380 2018 483 2094 Neque
505 2017 607 2077 horret
628 2018 734 2077 iratum
759 2035 838 2077 mare

334 2106 503 2180 Forumque
526 2103 594 2161 vitat
616 2110 646 2162 et
666 2102 793 2179 superba
816 2101 923 2161 civium

381 2188 585 2247 Potentiorum
608 2187 717 2246 limina.

334 2274 414 2350 Ergo
437 2280 487 2331 aut
508 2271 604 2331 adulta
626 2272 726 2332 vitium
751 2269 913 2350 propagine

269 2371 296 2421 tt)
382 2356 461 2417 Altas
483 2357 599 2416 maritat
620 2356 746 2436 populos
804 2373 806 2379 ·

339 2448 397 2504 Aut
418 2443 449 2501 in
472 2442 591 2502 reducta
614 2442 687 2501 valle
709 2439 902 2519 mugientium

384 2527 557 2605 Prospectat
578 2527 704 2587 errantis
726 2543 830 2603 greges

336 2612 510 2690 Inutilisque
533 2611 606 2670 falce
630 2617 905 2688 ramos-amputans

384 2698 543 2758 Feliciores
565 2697 669 2756 inserit

267 2794 295 2845 lc
338 2785 395 2844 Aut
418 2801 518 2861 pressa
540 2781 623 2860 puris
646 2780 729 2840 mella
752 2778 854 2838 condit
875 2778 1035 2857 amphoris,

385 2871 441 2928 Aut
464 2869 567 2927 tondet
587 2866 719 2925 infirmas
742 2863 802 2924 ovis

338 2954 399 3025 Vel,
424 2971 491 3012 cum
514 2953 656 3013 decorum
679 2950 798 3010 mitibus
820 2949 916 3027 pomis
939 2958 1026 3026 caput

386 3038 552 3098 Autumnus
574 3037 651 3114 agris
674 3035 786 3106 extulit,

341 3123 379 3184 Ut
400 3124 507 3202 gaudet
529 3122 641 3182 insitiva
664 3122 827 3198 decerpens
849 3117 912 3197 pira

269 3220 297 3270 20
383 3208 550 3269 Certantem
574 3216 602 3266 et
624 3225 708 3265 uvam
732 3221 890 3283 purpurae,

341 3293 405 3363 Qua
426 3302 602 3353 muneretur
623 3300 661 3363 te,
686 3291 799 3368 Priape,
823 3296 852 3348 et
873 3296 911 3359 te,
935 3296 1017 3364 pater

389 3378 513 3447 Silvaue,
535 3385 616 3437 tutor
639 3376 751 3435 finium.

342 3462 428 3523 Libet
450 3463 545 3522 iacere
567 3461 655 3520 modo
678 3460 733 3520 sub
756 3458 876 3535 antiqua
899 3456 974 3528 ilice,

390 3547 476 3608 Modo
500 3547 529 3606 iu
553 3546 649 3606 tenaci
672 3545 821 3624 gramine;
925 3561 927 3565 ·

212 3667 416 3677 ι--------

300 3734 310 3784 Ι
330 3750 352 3784 υ.
371 3734 404 3784 26
423 3746 478 3782 mea
496 3732 530 3795 (c)
550 3730 632 3782 Beutl.
649 3729 654 3796 Ι
671 3731 702 3782 28
720 3743 813 3794 pascua
828 3726 833 3793 Ι
850 3728 881 3779 29
895 3739 1006 3791 superne
1016 3726 1051 3788 tu)
1064 3723 1163 3789 Madvig

218 3807 276 3854 crit,
295 3801 315 3852 ll
333 3805 365 3853 55
382 3801 385 3867 Ι
402 3803 435 3852 34
453 3803 481 3849 ut
498 3814 578 3863 nepos

300 3869 319 3921 ll
337 3887 360 3921 υ.
382 3872 412 3921 13
430 3867 560 3918 inutilisve
579 3865 663 3917 Beati.
691 3866 694 3926 Ι
724 3866 754 3917 18
782 3863 849 3914 aruis
877 3864 912 3926 (a)
939 3886 971 3905 =
998 3860 1110 3911 laudet.
1131 3876 1163 3925 up

218 3939 254 3989 B⁰
268 3938 324 3990 scil.
340 3940 344 4004 Ι
360 3941 391 3990 20
409 3951 520 4003 purpura
539 3935 621 3985 iidem
639 3933 714 3984 codd.
734 3932 883 3996 Cruquiani
899 3929 950 3979 soli
