2520 4434
510 223 641 277 EPODON
660 230 682 277 Ἰ.
701 229 724 278 8.

595 396 645 456 Vli

214 515 290 588 Quo,
313 532 372 592 quo
394 514 509 576 scelesti
533 515 618 576 ruitis
640 524 690 576 aut
712 534 766 576 cur
788 516 915 578 dexteris

260 602 407 679 Aptantur
429 618 515 661 enses
537 597 672 660 conditi?

214 685 361 746 Parumne
384 685 496 764 campis
518 694 606 764 atque
628 685 768 764 Neptuno
789 705 880 766 super

262 769 371 831 Fusum
394 777 438 831 est
459 770 556 831 Latini
577 770 739 849 sanguinis,

212 853 279 915 Non
302 863 336 914 ut
356 853 499 933 superbas
521 856 634 915 invidae
657 854 842 934 Carthaginis

262 939 412 1000 Romanus
434 939 510 1001 arcis
531 950 630 1000 ureret

215 1025 346 1086 lntactus
368 1032 419 1086 aut
440 1025 601 1085 Britannus
624 1033 657 1085 ut
678 1025 871 1086 descenderet

263 1109 351 1170 Sacra
373 1118 525 1170 catenatus
546 1110 601 1183 via,

216 1193 275 1254 Sed
296 1203 330 1254 ut
351 1196 514 1257 secundum
536 1203 602 1254 vota
625 1194 800 1254 Parthorum
824 1213 876 1256 sua

264 1278 340 1340 Urbs
362 1281 435 1340 haec
457 1279 569 1358 periret
591 1277 731 1339 dextera?

214 1364 318 1442 Neque
339 1363 388 1424 hic
410 1364 489 1443 lupis
511 1382 574 1425 mos
598 1382 653 1424 nec
675 1365 730 1424 suit
752 1364 898 1439 leonibus,

263 1448 429 1528 Numquam
453 1449 510 1511 nisi
531 1449 562 1510 in
586 1448 685 1528 dispar
707 1449 784 1510 ieris.

216 1533 353 1595 Furorne
375 1552 480 1595 caecus
502 1553 539 1594 au
563 1535 639 1614 rapit
659 1534 702 1595 vis
723 1534 820 1594 acrior

263 1620 308 1679 An
331 1617 440 1699 culpa?
462 1637 639 1698 responsum
661 1620 742 1680 datei

217 1702 329 1764 Tacent
351 1713 380 1764 et
402 1704 487 1765 albus
509 1722 560 1764 ora
582 1704 677 1783 pallor
698 1703 793 1764 inficit

263 1788 436 1868 Montesque
458 1789 612 1869 perculsae
633 1797 764 1867 stupent.

220 1872 269 1933 Sic
291 1883 349 1935 est:
373 1874 477 1935 acerba
501 1876 558 1935 fata
580 1873 731 1934 Romanos
753 1881 845 1951 agunt

266 1958 426 2037 Scelusqne
448 1961 596 2021 fraternae
619 1959 709 2031 necis,

218 2042 257 2102 Ut
279 2043 452 2105 inmerentis
473 2044 558 2105 fluxit
579 2043 610 2104 in
633 2052 740 2103 terram
764 2043 849 2103 Remi

269 2129 357 2190 Sacer
380 2129 538 2208 nepotibus
560 2147 657 2189 cruor.

598 2430 663 2491 vltl

219 2550 336 2628 Rogare
357 2550 447 2628 longo
470 2551 599 2630 pntid'am
622 2559 652 2610 te
674 2550 802 2623 saeculo,

269 2635 349 2696 Vires
371 2636 442 2714 quid
464 2644 584 2696 enervet
605 2653 694 2708 meas,

221 2717 295 2781 Cum
318 2720 355 2780 sit
376 2721 429 2781 tibi
452 2721 525 2782 dens
548 2729 611 2780 ater
633 2728 662 2780 et
684 2720 765 2798 rugis
788 2729 869 2781 vetus

270 2803 409 2866 Frontem
430 2815 567 2867 senectus
590 2808 689 2865 exaret

222 2888 349 2967 Hietque
372 2891 467 2970 turpis
489 2891 567 2950 inter
589 2890 684 2950 aridas
706 2890 781 2950 natis

269 2974 369 3035 Poder
390 2975 469 3036 velut
491 2975 598 3036 crudae
622 2972 726 3035 bovis?

223 3058 280 3119 Sed
303 3059 405 3120 incitat
426 3078 473 3122 me
495 3069 599 3140 pectus
621 3070 649 3120 et
671 3077 814 3119 mammae
836 3068 947 3139 putres,

269 3142 384 3222 Equina
408 3146 507 3224 quales
530 3145 630 3217 ubera,

222 3228 392 3307 Venterque
415 3231 510 3290 mollis
532 3239 561 3289 et
584 3231 678 3290 femur
700 3229 884 3289 tumentibus

270 3313 353 3374 Exile
376 3315 452 3376 suris
474 3314 614 3375 additum.

223 3397 296 3460 Esto
319 3399 413 3473 beata,
436 3401 526 3460 funus
548 3407 635 3477 atque
658 3398 799 3476 imagines

269 3483 387 3544 Ducant
408 3483 599 3562 triumphales
622 3493 715 3555 tuum,

221 3567 284 3629 Nec
307 3569 344 3629 sit
365 3570 476 3642 marita,
500 3587 574 3646 quae
598 3568 821 3628 rotundioribus

272 3652 386 3715 Onusta
408 3655 488 3715 bacis
510 3653 649 3717 ambulet.

176 3838 222 3889 Vi!
243 3853 266 3887 u.
288 3839 319 3889 12
337 3851 465 3902 nunquam
484 3837 523 3887 ed.
542 3836 607 3888 Ven.
626 3854 651 3887 a.
674 3839 737 3889 1490
756 3840 847 3901 (atquc
864 3838 927 3886 inde
944 3836 1051 3900 Bentl.);
1070 3838 1168 3901 Porph.

86 3925 143 3974 agn:
165 3919 292 3974 nmquam
318 3907 360 3968 (=
378 3906 474 3970 Porpb.
493 3904 574 3969 Mon.)
593 3905 597 3970 i
620 3906 649 3957 13
669 3920 760 3956 caecos
779 3908 813 3969 (o)
832 3902 837 3972 l
861 3907 889 3956 15
909 3920 951 3956 ora
969 3904 1052 3971 pallor
1070 3904 1143 3954 albus
