2474 4440
478 247 650 300 cluuluuu
667 249 678 301 l
695 251 737 303 36.
754 253 794 303 37.

590 419 705 480 XXXVI

235 534 272 597 Et
287 547 354 600 ture
368 547 398 599 et
412 539 519 601 fidibus
535 540 613 599 iuvat

283 623 403 684 Plaoare
419 632 449 684 et
462 623 545 684 vituli
561 623 707 704 sanguine
723 624 821 686 debito

235 707 378 770 Custodes
392 709 535 770 Numidae
551 709 631 782 deos,

283 792 339 863 uui
356 812 437 854 nune
453 793 594 872 Hesperia
610 811 713 872 sospes
727 794 764 854 ab
779 794 880 855 ultima

176 885 192 934 5
237 876 318 938 Caris
332 879 423 939 multa
439 877 599 951 sodalibus,

282 962 361 1023 Nulli
376 964 460 1042 plura
475 971 574 1023 tamen
592 961 693 1022 dividit
708 963 806 1024 oscula

238 1046 331 1117 Quam
348 1047 426 1108 dulei
444 1046 570 1118 Lamiae,
585 1065 701 1107 memor

286 1135 376 1193 Actae
392 1151 453 1192 non
470 1133 526 1192 alio
543 1150 613 1211 rege
628 1132 761 1210 puertiae

238 1215 425 1296 Mutataequo
440 1217 526 1278 simul
542 1226 636 1295 togae.

169 1308 197 1360 tu
283 1301 386 1363 Cressa
402 1321 440 1362 ne
457 1311 553 1362 eareat
569 1300 690 1380 pulchra
706 1301 768 1362 dies
784 1309 853 1361 nota

238 1386 302 1446 Neu
318 1394 472 1466 promptae
489 1385 594 1447 modus
610 1386 770 1465 amphorae

283 1471 347 1532 Neu
362 1490 477 1532 morem
492 1471 522 1532 in
540 1471 649 1532 Salium
664 1472 702 1532 sit
716 1471 835 1550 requies
849 1472 959 1550 pedum

237 1555 301 1616 Neu
316 1556 400 1618 multi
416 1556 543 1617 Damalis
559 1556 632 1615 meri

285 1640 407 1702 bassum
422 1641 557 1702 Threicia
573 1641 671 1701 vincat
685 1641 826 1720 amystide

168 1734 196 1783 15
238 1725 304 1785 Neu
320 1725 417 1787 desint
433 1726 527 1806 epulis
542 1743 627 1786 rosae

284 1811 350 1870 Neu
365 1811 444 1871 vivax
460 1811 559 1889 apium
577 1828 635 1870 neu
651 1810 739 1871 breve
754 1810 857 1871 lilium.

241 1891 352 1955 Omnes
367 1896 398 1954 in
415 1894 547 1955 Damalin
564 1895 660 1972 putris

286 1979 444 2058 Deponent
460 1979 561 2040 oculos
576 1999 633 2040 neo
649 1979 775 2040 Damalis
791 1997 867 2039 novo

240 2063 400 2124 Divelletur
415 2064 558 2138 adultero,

168 2157 197 2207 tu
282 2148 410 2211 Lascivis
425 2150 542 2210 hederis
558 2149 748 2210 ambitiosior.

574 2368 726 2377 ——-——

585 2535 714 2596 XXXVll

241 2655 327 2715 Nune
343 2664 387 2715 est
401 2654 574 2727 bibendum,
592 2673 673 2714 nuno
688 2652 763 2733 pede
777 2653 871 2714 libero

242 2740 388 2802 Pulsanda
403 2740 498 2813 tellus,
514 2758 597 2800 nuno
612 2739 771 2800 Saliaribus

289 2826 403 2887 Ornare
419 2826 555 2904 pulvinar
570 2824 691 2885 deornm

339 2910 468 2990 Tempus
485 2918 547 2970 erat
562 2908 695 2987 dapibus,
711 2906 838 2968 sodalesl

185 3055 200 3104 5
243 3045 374 3105 Antehac
391 3045 473 3105 nolas
488 3044 663 3122 depromere
681 3043 847 3105 Caecubum

243 3129 329 3190 Cellis
344 3129 437 3202 avitis,
453 3129 523 3189 dum
539 3129 681 3208 Capitolio

287 3214 401 3293 Regina
417 3213 562 3274 dementis
577 3215 678 3274 ruinas

339 3298 443 3360 Funus
459 3307 488 3359 et
503 3299 627 3377 imperio
644 3298 765 3377 parabat

243 3430 449 3493 Contaminato
466 3452 533 3494 eum
549 3452 639 3513 grege
654 3433 786 3513 turpium

172 3527 200 3577 to
243 3516 346 3578 Morbo
362 3518 502 3593 virorum,
520 3519 662 3597 quidlibet
676 3520 824 3596 impotens

290 3602 414 3682 Sperare
429 3604 608 3681 fortunaque
623 3603 701 3664 dulei

341 3687 429 3748 Ebria
438 3707 446 3764 ;
461 3689 513 3749 sed
528 3688 636 3748 minuit
652 3689 781 3748 furorem

201 3937 305 3989 XXXVI
323 3955 345 3990 o.
366 3941 395 3992 11
415 3954 463 3991 nee
486 3939 490 4006 Ι
517 3941 548 3991 12
566 3954 614 3991 neo
638 3937 643 4007 Ι
668 3940 698 3991 13
717 3954 765 3991 neo
788 3939 792 4005 1
818 3941 848 3990 15
869 3952 915 3990 nec
939 3938 943 4004 Ι
970 3939 1000 3991 18
1019 3951 1068 3989 nen
