2474 4440
372 1077 394 1092 ,,
461 992 948 1111 ,onomnu'mtcdfjss

170 1217 176 1358 ζ
269 1203 1120 1369 unaarunonrrop

223 1575 382 1637 ¹Humano
406 1575 492 1658 capiti
516 1575 667 1637 cervicem>
681 1575 778 1655 pictor
799 1574 938 1653 equinam
968 1597 988 1626 κ
1047 1604 1049 1617 ι
1144 1608 1146 1615 ,

247 1661 374 1740 Iungere
395 1661 424 1739 si
441 1661 509 1721 velit
531 1667 567 1721 et'
582 1661 674 1739 uarias
697 1659 839 1720 inducere
861 1659 992 1741 plumas-¹¹
1143 1655 1166 1695 ³³
1224 1728 1226 1737 ‚

244 1745 381 1824 Undique
404 1744 527 1807 c'oniatis
549 1744 706 1828 membris,
721 1733 908 1830 utburpiter¹
921 1734 1041 1817 fa'trum
1147 1817 1149 1827 Ι
1173 1808 1186 1821 Μ
1202 1750 1218 1815 ,“

246 1830 364 1892 Desinat
386 1831 416 1890 in
440 1831 551 1909 piscem
573 1831 678 1891 mulier
701 1830 828 1891 formosa
851 1828 1018 1909 superne,
1155 1832 1158 1836 ⁴
1231 1831 1233 1835 ’

246 1917 414 1995 Spectatum
438 1915 555 1977 admissi
577 1917 668 1976 risum
690 1915 823 1988 teneatis,
847 1911 956 1974 amici?

247 2000 372 2071 Credite,
395 2000 528 2073 Pisones,
551 2001 597 2061 isti
619 2000 735 2061 tabulae
758 2001 822 2060 fore
844 1999 950 2059 librum

243 2085 435 2156 Persimilem,
458 2085 551 2158 cuius,
573 2085 653 2146 velut
675 2085 754 2164 aegri
777 2084 903 2156 somnia,
923 2101 1012 2144 vanae

245 2169 408 2248 Fingentur
429 2170 552 2248 species,
575 2179 608 2231 ut
630 2189 686 2230 nec
707 2189 761 2250 pes
783 2187 839 2230 nec
861 2177 950 2247 caput
972 2169 1025 2230 uni

244 2254 394 2315 Reddatur
415 2254 536 2314 formae.
577 2248 758 2316 ‘Pictoribus
779 2263 866 2332 atque
889 2253 984 2334 poetis

245 2337 395 2410 Quidlibet
416 2339 543 2400 audendi
566 2358 684 2418 semper
705 2340 761 2401 tuit
782 2356 875 2417 aequa
898 2328 1044 2418 potestas?

243 2423 358 2486 Scimus
381 2432 410 2485 et
432 2424 508 2484 banc
531 2424 644 2484 veniam
667 2425 853 2504 petimusque
876 2422 1037 2501 damusque
1059 2425 1206 2502 vicissim,

242 2509 299 2569 Sed
324 2528 384 2570 non
408 2517 440 2570 ut
462 2508 584 2588 placidis
606 2519 713 2570 coeant
734 2509 857 2582 inmitia,
881 2526 941 2569 non
965 2517 998 2568 ut

241 2594 402 2673 Serpentes
423 2594 523 2655 avibus
546 2595 742 2672 geminentur,
765 2592 890 2672 tigribus
912 2592 989 2672 agni.

241 2680 370 2759 inceptis
392 2678 529 2757 gravibus
550 2680 726 2758 plerumque
748 2689 777 2738 et
798 2696 903 2756 magna
926 2677 1067 2757 professis
1147 2673 1150 2678 ’

241 2765 422 2844 Purpureus,
445 2765 502 2824 late
525 2764 575 2842 qui
598 2763 759 2843 splendeat,
781 2782 860 2824 unus
882 2771 911 2823 ct
933 2762 1007 2824 alter

240 2851 380 2911 Adsuitur
401 2867 528 2928 pannus,
552 2866 619 2908 cum
642 2849 727 2910 lucus
750 2856 779 2909 et
800 2866 848 2909 ara
871 2848 982 2908 Dianae

240 2935 277 2995 Et
298 2934 485 3014 properantis
507 2951 600 3012 aquae
622 2952 676 3013 per
698 2951 839 2994 amoenos
860 2931 987 2994 ambitus
1010 2951 1100 3012 agros
1193 3004 1197 3014 Ι

240 3021 298 3081 Aut
319 3021 428 3081 flumen
452 3018 590 3078 Rhenum
612 3027 663 3078 aut
684 3019 800 3099 pluvius
822 3016 999 3079 describitur
1020 3036 1124 3080 arcus.

243 3106 299 3167 Sed
323 3124 403 3167 nunc
427 3123 488 3164 non
512 3113 575 3164 erat
595 3103 641 3165 bis
663 3104 756 3165 iocus.
800 3102 838 3163 Et
859 3104 982 3164 fortasse
1005 3121 1189 3183 cupressum

155 3199 185 3250 20
242 3191 305 3253 Scis
327 3190 480 3265 simulare3
504 3189 574 3268 quid
596 3189 661 3263 hoc,
684 3189 709 3250 si
731 3188 831 3249 fractis
853 3196 953 3249 enatat
974 3207 1081 3268 exspes

238 3275 374 3350 Navibus,
398 3293 466 3337 aere
489 3274 556 3334 dato
580 3274 630 3352 qui
653 3271 809 3352 pingitur?
853 3273 1126 3353 Amphora'coepit

239 3361 371 3437 Institui3
394 3368 534 3423 currente
556 3367 620 3419 rota
643 3377 698 3420 cur
719 3377 827 3420 urceus
850 3355 930 3419 exit?

152 3479 355 3489 -—.-—-

238 3563 271 3615 A.
283 3565 311 3616 P.
329 3580 353 3617 v.
373 3566 437 3630 inq.
455 3562 570 3631 plumas,
594 3558 707 3627 undique
733 3559 843 3612 conlatis
866 3556 986 3610 membris
1008 3562 1037 3610 nt
1061 3558 1098 3610 al.
1125 3556 1131 3626 Ι
1158 3559 1222 3623 3⁸4.

153 3635 233 3681 atram
256 3630 356 3684 desinat
378 3633 404 3685 in
430 3631 529 3698 pistrim
547 3631 568 3682 1.
586 3629 619 3682 F.
640 3627 790 3681 Gronovius
814 3629 880 3679 obss.
904 3627 913 3678 1
930 3643 955 3678 o.
972 3624 1051 3678 XVlii
1067 3641 1097 3691 p.
1117 3627 1165 3679 tta
1182 3623 1217 3676 stt

152 3697 238 3751 Ptatn.
264 3699 269 3769 Ι
295 3701 384 3768 pristin
408 3703 458 3766 (υ),
483 3699 582 3767 pristim
606 3712 661 3748 non
684 3701 756 3748 recte
775 3695 909 3748 fflonoos'o
928 3697 945 3747 l.
963 3695 989 3760 l.‚
1012 3694 1059 3744 sed
1083 3697 1165 3745 otiam
1184 3688 1216 3743 Ν.

151 3765 259 3820 Heinsio
283 3771 312 3821 in
337 3771 437 3822 codtcn
458 3771 502 3819 sot
523 3769 648 3833 margine
670 3767 766 3816 tribuit
789 3761 908 3884 Bentl.)
934 3763 1039 3816 bmissi
1066 3763 1071 3828 Ι
1099 3759 1216 3814 teneatis?

150 3833 241 3903 Amici,
258 3837 362 3901 credite,
376 3839 483 3891 Pisones
495 3839 546 3888 Iar.
559 3833 705 3887 Markland
715 3834 753 3885 od
763 3833 861 3884 calcem
872 3849 886 3882 e
906 3832 992 3886 ‚Eun
1006 3829 1101 3898 Suppl.
1111 3845 1137 3896 p.
1150 3829 1206 3889 tttt

153 3904 168 3952 t
187 3904 289 3976 aegris!
306 3909 336 3962 18
355 3907 450 3961 fluvius
466 3906 471 3974 i
486 3908 518 3959 22
537 3903 637 3958 institui
656 3906 772 3954 currente
791 3906 855 3966 rota,
873 3915 917 3953 cur
934 3899 968 3951 ol.
1014 3966 1017 3973 .

57 3976 122 4144 b
