2474 4440
319 230 549 284 EPISTULARUM
567 234 575 285 l
597 237 618 289 l.
652 309 660 321 .
941 234 999 294 185

106 401 159 462 tibi
183 401 287 464 melius
308 402 420 476 suadet,
443 405 503 483 qui,
526 423 589 466 rem
611 406 710 478 iacias,
734 425 807 479 rem,
970 424 999 474 ca

95 487 175 558 ossis,
198 497 288 561 recte,
310 488 335 549 si
358 507 430 561 non,
454 508 643 569 quocumque
667 492 754 552 modo
777 512 850 566 rem,

96 571 198 650 ropius
219 583 335 651 spectes
358 573 511 635 lacrimosa
533 585 666 653 poemata
689 576 774 656 Pupi,

96 657 133 735 [ui
155 655 305 719 Fortunae
327 668 356 720 te
378 676 555 737 responsare
577 659 723 738 superbae

96 760 154 802 rum
177 751 207 803 et
228 752 359 804 erectum
383 762 522 822 praesens
544 745 679 806 hortatur
701 756 730 806 et
753 747 854 826 aptat?
877 783 917 795 -

96 827 125 888 lsi
149 845 195 886 me
220 829 345 908 populus
370 829 520 890 Romanus
543 832 619 891 l'orte
642 842 735 909 roget,
759 851 812 893 eur
972 846 1000 896 'to

104 919 137 972 ut
158 913 322 991 porticibus
345 914 387 974 sic
409 914 524 975 indiciis
545 916 627 976 fruar
649 915 741 977 isdem

96 1015 204 1076 sequar
226 1007 275 1058 aut
297 1000 406 1079 fogiam
430 1017 504 1077 quae
527 1000 621 1080 diligit
643 1001 705 1080 ipse
727 1003 769 1063 vel
794 1003 864 1076 odit,

114 1083 191 1161 quod
216 1083 315 1162 volpes
337 1093 457 1186 aeproto
481 1093 564 1145 cauta
587 1085 667 1146 leoni

96 1167 186 1241 ondit,
208 1169 350 1228 releram:
385 1169 452 1246 quia
476 1188 522 1229 me
543 1170 664 1249 vestigia
686 1180 809 1245 terrent,

96 1253 119 1313 ia
143 1261 172 1313 tc
194 1253 348 1315 adversum
370 1255 541 1332 spectantia,
566 1256 645 1316 nulla
669 1255 852 1319 retrorsum'.
970 1271 998 1320 to

96 1358 103 1396 ι
127 1338 285 1398 multorum
309 1357 340 1400 es
356 1339 494 1417 capitum.
527 1339 600 1400 Nam
615 1342 686 1419 quitl
701 1360 808 1421 sequar
823 1352 873 1404 aut
887 1343 998 1424 queml

107 1423 261 1484 hominum
283 1424 371 1503 gestit
393 1425 561 1485 conducere
584 1425 718 1504 publica,
741 1437 811 1488 sunt
833 1430 883 1508 qui

96 1508 128 1570 :is
149 1517 179 1569 et
201 1509 296 1587 pomis
318 1509 418 1572 viduas
441 1519 586 1570 venentur
607 1529 708 1571 avaras

97 1594 230 1672 ›iantque
253 1613 349 1666 senes,
372 1613 448 1673 quos
470 1594 500 1654 in
524 1595 629 1655 rivaria
652 1596 784 1670 mittant,

97 1698 111 1740 s
135 1679 251 1741 occulto
274 1680 379 1740 crescit
402 1698 449 1740 res
473 1680 601 1739 faenore.
646 1681 753 1741 Verum

107 1764 171 1825 aliis
193 1763 265 1824 alios
286 1764 376 1825 rebus
398 1764 562 1843 studiisque
584 1765 694 1825 teneri:

119 1850 220 1910 eadem
244 1859 370 1928 possunt
391 1850 495 1910 horam
518 1849 625 1910 durare
647 1849 832 1929 probantes?

97 1954 127 1996 ns
150 1935 181 1994 in
205 1934 276 1995 orbe
298 1935 382 1996 sinus
404 1935 481 1997 Baiis
503 1935 655 2013 praelucet
676 1932 816 1997 amoenis'

98 2020 141 2080 xit
162 2020 251 2092 dives,
275 2020 354 2080 lacus
377 2030 406 2079 et
428 2038 508 2080 marc
531 2020 622 2081 sentit
643 2038 772 2081 amorem

97 2106 191 2166 nantis
213 2105 271 2177 eri;
295 2106 343 2165 cui
365 2105 389 2166 si
412 2105 513 2166 vitiosa
535 2104 625 2165 libido

97 2190 130 2250 rit
151 2190 324 2270 auspicium,
344 2191 423 2251 ‘cras
446 2192 623 2251 ferramenta
646 2189 780 2250 Teanum

97 2275 143 2348 tis,
166 2272 259 2335 labri'
305 2275 414 2335 Lectus
436 2276 560 2355 genialis
582 2276 612 2336 in
636 2275 701 2337 aula
724 2285 782 2337 est:

100 2360 122 2420 it
144 2378 208 2421 esse
232 2360 321 2438 prius,
345 2360 449 2421 melius
473 2361 514 2421 nil
536 2360 646 2420 caelibe
669 2361 742 2434 vita;

97 2464 129 2504 on
154 2454 207 2514 est,
230 2446 307 2505 iurat
329 2444 405 2506 bene
428 2445 499 2506 solis
520 2463 585 2506 esse
607 2445 727 2507 maritis.

101 2538 218 2590 teneam
241 2530 337 2590 voltus
360 2539 521 2590 mutantem
544 2529 650 2589 Protea
673 2527 774 2590 nodo‘l

115 2612 250 2695 pauper?
296 2613 382 2674 Rirlel
407 2624 500 2675 mutat
522 2615 671 2687 cenacula,
694 2615 795 2687 lectos,

97 2717 131 2772 ra,
153 2707 301 2769 tonsores,
325 2699 473 2760 conducto
497 2699 612 2778 navigio
635 2717 728 2778 aeque

97 2792 139 2844 eat
161 2803 195 2845 ac
218 2784 358 2863 locuples,
382 2803 469 2863 quem
493 2785 574 2845 ducit
597 2784 675 2862 priva
699 2784 838 2846 triremis.

97 2878 187 2930 tratus
209 2869 353 2949 inaequali
376 2877 497 2931 tonsore
519 2869 641 2948 capillos

97 2955 148 3027 rri,
171 2955 257 3026 rides,
280 2955 303 3015 si
327 2956 403 3015 lorte
425 2955 568 3016 subucula
591 2972 682 3034 penae

116 3039 218 3100 subest
240 3039 366 3112 tunicae,
390 3040 435 3100 vel
456 3041 480 3101 si
503 3049 570 3120 toga
593 3039 713 3101 dissiliet
734 3039 837 3118 impar,

98 3145 117 3183 r:
142 3122 235 3203 quid?
258 3143 321 3185 mea
344 3143 411 3184 cum
434 3139 547 3204 pugnat
569 3125 715 3186 sententia
739 3143 849 3196 seeum,

121 3209 205 3288 petiit
228 3210 350 3288 spernit,
374 3211 481 3288 repetit
503 3210 584 3289 quod
607 3229 704 3289 nuper
726 3209 831 3282 omisit,

98 3304 133 3355 tat
154 3304 183 3354 et
206 3296 278 3355 vitae
301 3295 484 3355 disconvenit
506 3294 610 3355 ordine
631 3303 704 3366 toto,

98 3389 118 3452 t,
142 3380 283 3452 aedificat,
306 3388 400 3440 mutat
422 3380 560 3458 quadrata
583 3377 740 3440 rotundis?

98 3464 148 3524 rire
172 3474 258 3544 putas
280 3465 433 3526 sollemnia
456 3483 503 3525 me
527 3483 624 3543 neque
647 3465 725 3525 rides

98 3549 202 3610 medici
226 3551 321 3611 croilis
344 3568 399 3610 nec
422 3550 568 3610 curatoris
590 3568 677 3629 egere

98 3646 199 3696 actore
221 3635 290 3707 dati,
313 3655 412 3696 rerum
435 3635 525 3695 tutela
547 3652 678 3695 mearum

100 3855 187 3915 2ant]
206 3867 236 3903 ac
253 3854 289 3918 (o)
305 3856 332 3904 et
349 3853 385 3917 (o)
410 3851 415 3919 Ι
443 3855 475 3905 to
493 3856 533 3904 est
550 3853 584 3917 (υ)
611 3850 692 3902 Pluza
720 3855 786 3902 teste
813 3847 966 3916 0t3130ntt.
990 3845 995 3910 Ι

100 3923 124 3986 υ)
140 3923 143 3986 Ι
160 3923 192 3974 95
212 3921 321 3973 occurrit
338 3921 373 3984 (o)
390 3935 496 3973 occurro
513 3921 549 3986 (o)
564 3921 568 3986 l
584 3921 615 3972 ot
635 3933 735 3972 mecum
