2474 4440
451 131 680 185 EPISTULARUM
697 132 718 185 11
736 135 759 186 2.

158 305 257 368 Cetera
281 305 333 383 qui
356 305 430 365 vitae
452 315 580 365 servaret
602 304 702 365 munia
725 316 807 366 recto
912 361 913 364 ,

154 390 243 464 Μ555,
267 390 366 450 benus
388 408 459 450 saue
480 389 604 461 vicinus,
627 389 759 450 amabilis
781 390 899 468 hospes,

155 476 252 538 Comis
274 476 304 536 in
329 493 462 547 uxorem,
485 485 585 553 posset
607 474 658 552 qui
681 474 836 552 ignoscere
859 474 950 536 servis

152 560 189 621 Et
211 561 297 641 signo
321 561 398 621 laeso
423 578 483 619 non
508 559 637 619 insanire
659 559 808 638 lagoenae,
1132 635 1133 638 Ἴ

154 646 257 708 Posset
280 645 331 724 qui
353 662 457 723 rupem
482 654 511 704 et
534 656 655 722 puteum
678 645 768 704 vitare
791 655 950 724 patentem.
1097 656 1140 706 135

152 730 206 793 Hic
230 731 281 791 ubi
304 740 498 809 cognatorum
523 729 629 808 opibus
651 729 789 808 curisque
811 730 940 791 relectus

154 815 275 896 Expulit
298 814 428 875 elleboro
451 813 590 874 morbum
612 814 760 892 bilemque
782 832 900 874 meraco

154 899 190 961 Et
211 901 287 962 redit
309 902 344 960 ad
366 918 431 961 sese
450 891 524 978 ‘pol
547 919 595 959 me
618 898 774 971 occidistis,
796 899 892 972 amici,

153 985 218 1047 Non
242 976 395 1059 servastis,'
420 985 460 1045 ait
478 977 539 1044 ‘cui
563 984 605 1045 sic
627 994 740 1045 extorta
762 985 895 1063 voluptas

153 1069 189 1131 Et
211 1073 348 1151 demptus
372 1069 503 1149 pervim
527 1070 635 1130 neentis
656 1069 840 1147 gratissimus
864 1062 966 1130 error'.
1098 1081 1140 1130 tle

155 1155 295 1223 Nimirum
318 1174 423 1234 sapere
447 1165 492 1216 est
512 1154 633 1214 abiectis
656 1154 726 1214 utile
750 1155 836 1233 nugis

155 1238 190 1301 Et
212 1241 417 1320 tempestivum
440 1240 540 1318 pueris
563 1239 727 1300 concedere
750 1240 852 1300 ludum

155 1329 194 1386 Ac
219 1345 280 1387 non
303 1324 391 1386 verba
407 1325 498 1403 ‘sequi
523 1324 629 1385 fidibus
652 1325 828 1385 modulanda
851 1323 972 1396 Latinis,

156 1409 209 1471 Sed
234 1429 320 1471 verae
343 1428 543 1488 numerosque
566 1410 728 1486 modosque
751 1409 881 1470 ediscere
903 1409 986 1468 vitae.
1011 1443 1051 1454 -

155 1493 299 1563 Quocirca
321 1514 437 1556 mecum
460 1495 568 1572 loquor
589 1495 661 1554 baec
684 1494 848 1572 tacitusque
871 1493 1026 1555 recordor:
1097 1505 1139 1555 145

155 1577 183 1640 Si
206 1581 259 1641 tibi
283 1580 363 1641 nulla
385 1580 462 1641 sitim
486 1580 586 1640 finiret
608 1579 692 1658 copia
714 1580 859 1659 lymphae,

152 1662 293 1727 Narrares
316 1664 453 1739 medicis;
476 1664 565 1744 quod,
589 1674 700 1742 quanto
723 1665 808 1743 plura
831 1666 947 1743 parasti,

152 1747 248 1812 Tanto
270 1752 354 1831 plura
377 1751 470 1829 cupis,
496 1750 608 1810 nulline
631 1750 750 1810 faterier
772 1747 885 1810 audes?

151 1832 181 1896 Si
205 1837 311 1897 volnus
333 1836 386 1896 tibi
409 1844 569 1896 monstrata
592 1835 689 1895 radice
711 1835 756 1895 vel
777 1834 869 1895 herba

147 1917 217 1983 Non
242 1923 328 1982 fieret
350 1921 450 1991 levius,
473 1922 591 1998 fugeres
613 1920 709 1980 radice
732 1920 777 1980 vel
799 1920 890 1980 herba
1069 1932 1138 1988 4,155

146 2002 331 2067 Proficiente
355 2006 427 2067 nibil
449 2006 596 2079 curarier;
619 2005 763 2077 audieras,
788 2004 834 2064 cui

142 2087 225 2154 Rem
249 2092 278 2152 di
301 2092 457 2162 donarent,
480 2090 521 2150 illi
543 2091 686 2150 decedere
709 2109 826 2169 pravam

144 2174 321 2249 stultitiam,
345 2186 382 2250 et,
406 2194 473 2236 cum
496 2176 536 2237 sis
559 2175 651 2237 nihilo
675 2175 837 2254 sapientior
859 2194 892 2235 ex
917 2194 975 2254 quo

138 2257 272 2324 Plenior
295 2280 335 2335 es,
359 2271 456 2322 tamen
483 2261 574 2322 uteris
597 2261 794 2323 monitoribus
817 2257 932 2322 isdem?

137 2349 184 2408 At
209 2347 233 2408 si
256 2346 372 2407 divitiae
394 2347 573 2425 prudentem
597 2346 719 2406 reddere
742 2355 875 2425 possent,
1094 2357 1135 2406 155

138 2429 178 2493 Si
204 2432 346 2510 cupidum
369 2431 563 2510 timidumque
586 2431 685 2491 minus
707 2441 745 2503 te,
770 2449 877 2509 nempe
899 2429 1031 2505 rubores,

141 2514 268 2579 Viveret
290 2518 320 2577 in
344 2516 432 2577 terris
453 2527 483 2576 15
505 2515 598 2593 siquis
620 2515 734 2575 avarior
756 2533 827 2575 uno.

139 2601 179 2664 Si
203 2601 358 2682 proprium
381 2611 435 2675 est,
459 2602 538 2680 quod
561 2600 627 2678 quis
650 2599 723 2660 libra
746 2611 893 2660 mercatus
915 2610 1033 2662 515555
1058 2612 1110 2676 est,

141 2687 312 2761 Quaedam,
335 2687 359 2748 si
382 2687 477 2748 credis
499 2685 652 2759 consultis,
676 2685 824 2763 mancipat
844 2701 932 2757 usus3

144 2773 208 2844 Qui
231 2783 259 2833 te
282 2772 376 2851 pascit
398 2790 477 2851 ager,
501 2783 570 2832 tuus
594 2781 638 2830 est
660 2781 688 2830 51
710 2769 812 2830 vilicus
835 2769 917 2841 Orbi,
1096 2781 1137 2832 155

143 2858 221 2919 Cum
243 2867 358 2935 segetes
380 2868 463 2917 55551
485 2856 537 2916 1161
561 2875 629 2917 mox
651 2857 799 2915 frumenta
821 2855 948 2927 daturae,

147 2943 192 3003 Te
215 2943 369 3003 dominum
393 2942 493 3003 sentit.
537 2942 596 3003 Das
619 2959 765 3013 nummos,
789 2940 896 3019 accipis
919 2957 1013 3012 uuam,

146 3028 257 3101 Pullos,
281 3046 342 3100 ova,
365 3029 470 3088 cadum
493 3028 611 3100 temeti;
636 3045 742 3105 nempe
764 3027 851 3086 modo
873 3025 929 3086 isto

147 3112 301 3173 Paullatim
325 3113 464 3174 mercaris
486 3131 599 3191 agrum,
623 3113 746 3172 sortasse
768 3110 910 3171 trecentis

148 3204 206 3258 dut
228 3198 315 3258 etiam
337 3216 427 3277 supra
451 3215 639 3258 nummorum
662 3196 779 3256 milibus
802 3206 942 3274 emptum.
1095 3205 1137 3254 155

149 3284 225 3354 Ouid
248 3285 349 3356 refert,
373 3283 448 3343 vivas
472 3293 626 3343 numerato
650 3299 747 3360 nuper
769 3300 805 3340 an
830 3276 922 3341 olim?

149 3368 274 3447 Emptor
297 3368 407 3429 Aricini
431 3368 580 3446 quondam
604 3367 734 3428 Veientis
758 3376 786 3426 et
809 3365 869 3425 arvi

75 3500 265 3530 N—.'

144 3621 164 3672 ll
186 3637 207 3672 5.
230 3622 279 3672 152
298 3620 421 3671 donarant
440 3622 474 3684 (u)
492 3619 618 3671 (15555551
637 3621 672 3683 (5)
692 3618 808 3670 donarint
820 3619 904 3669 Bentl.
922 3618 925 3685 l
944 3621 990 3671 158
1009 3625 1137 3670 mercatus

75 3688 95 3740 tt
110 3706 163 3744 aere
184 3691 234 3752 est]
247 3714 281 3733 ι-
293 3689 341 3738 Be:
366 3695 491 3738 mercatur
513 3694 539 3738 51
563 3703 620 3739 aere
645 3705 659 3738 5
678 3693 803 3738 mercatus
823 3692 848 3738 51
867 3703 923 3738 5555
941 3691 975 3751 (u)
994 3701 1137 3738 mercamur

75 3762 93 3814 ll
107 3773 162 3814 aere
182 3760 225 3819 (ε
243 3758 320 3821 ΒΜ)
335 3757 340 3825 l
358 3758 403 3808 161
424 3755 537 3819 daturas]
555 3779 588 3798 =
600 3757 648 3807 bo:
667 3755 771 3806 daturus
788 3754 791 3821 l
809 3758 855 3807 161
875 3755 994 3822 quoniam
1013 3757 1057 3819 (v),
1083 3769 1134 3819 quo

75 3831 163 3900 ncepta
185 3827 235 3877 166
254 3825 323 3889 clim,
344 3826 392 3878 169
411 3825 520 3875 aenum?
539 3825 573 3875 al.
