2520 4434
510 228 739 281 EPISTULARUM
757 229 766 280 1
786 232 825 283 13.
848 232 886 283 14.

249 403 297 464 Sic
319 403 447 482 positum
471 403 598 463 servabis
622 421 707 474 onus,
731 420 769 460 ne
792 402 868 462 sorte
891 402 946 463 sub
970 404 1014 463 ala

248 487 433 549 Fasciculum
456 497 557 567 portes
578 487 732 559 librorum,
755 495 787 546 ut
809 488 938 548 rusticus
961 507 1081 567 agnum,

250 573 287 634 Ut
307 573 408 634 vinosa
430 573 546 651 glomus
568 573 690 634 furtivae
713 571 813 651 Pyrria
836 572 929 646 lanae,

249 657 288 718 Ut
309 676 376 719 cum
400 656 518 737 pilleolo
541 657 635 718 soleas
657 656 777 717 conviva
800 655 926 718 tribulis.

248 742 292 804 Ne
313 743 398 821 volgo
422 760 535 816 narres,
557 752 586 803 te
609 742 756 803 sudavisse
777 742 900 802 ferendo

250 827 393 902 Carmina,
417 846 492 907 quae
514 828 630 907 possint
652 827 755 887 oculos
777 826 915 906 aurisque
937 827 1048 887 morari

250 913 390 975 Caesaris.
435 913 543 974 Oratus
565 913 656 974 multa
679 930 777 991 prece,
801 912 896 973 nitere
918 931 1018 992 porro.

248 998 336 1072 Vade,
358 999 429 1071 vale,
452 1017 521 1059 cave
545 1018 581 1058 ne
604 997 713 1058 titubes
735 998 930 1076 mandataque
952 999 1081 1076 frangas.

662 1285 725 1346 XIV

246 1405 337 1465 Vilice
360 1405 495 1466 silvarum
519 1413 549 1464 et
573 1405 642 1464 mihi
666 1425 712 1466 me
735 1405 885 1465 reddentis
907 1406 1001 1484 agelli,

247 1489 343 1561 Quem
365 1500 397 1550 tu
420 1488 540 1563 fastidis,
562 1490 723 1550 habitatum
746 1491 878 1569 quinque
900 1491 972 1552 focis
995 1500 1024 1552 et

247 1574 386 1654 Quinque
408 1574 503 1635 bonos
525 1575 643 1635 solitum
666 1576 778 1635 Variam
803 1575 949 1636 dimittere
972 1585 1082 1656 patres,

248 1659 408 1733 Certemus,
431 1661 532 1738 spinas
554 1661 694 1721 animone
717 1680 771 1739 ego
795 1661 900 1722 lortius
922 1679 959 1720 au
982 1670 1015 1721 tu

248 1745 360 1806 Evellas
382 1763 452 1824 agro
475 1756 505 1804 et
526 1745 630 1805 melior
651 1746 689 1806 sit
711 1745 848 1807 Horatius
870 1763 907 1805 an
930 1764 987 1807 res.

247 1831 293 1890 Me
316 1830 447 1910 quamvis
469 1829 586 1890 Lamiae
609 1832 701 1910 pietas
723 1841 752 1891 et
774 1849 844 1892 eura
867 1841 1007 1905 moratur,

247 1915 380 1976 Fratrem
402 1916 570 1988 maerentis,
594 1925 677 1994 rapto
701 1917 736 1975 de
759 1917 848 1977 fratre
871 1916 998 1977 dolentis

249 2000 453 2073 insolabiliter,
476 2009 573 2061 tamen
598 2001 672 2061 istuc
695 2020 780 2062 mens
802 2001 977 2080 animusque

248 2085 318 2146 Fert
341 2094 370 2145 et
391 2093 468 2144 amat
490 2086 591 2164 spatiis
613 2085 759 2146 obstantia
782 2104 921 2164 rumpere
944 2086 1081 2147 claustra.

249 2170 329 2230 Rure
353 2188 407 2248 ego
431 2170 585 2242 viventem,
608 2178 640 2230 tu
664 2170 736 2231 dicis
759 2171 788 2230 in
812 2171 887 2231 urbe
911 2171 1044 2233 beatum:

249 2254 302 2316 Cui
325 2254 420 2334 placet
442 2254 570 2326 alterius,
593 2273 644 2315 sua
668 2255 808 2315 nimirum
832 2265 875 2317 est
898 2256 966 2317 odio
988 2275 1063 2330 sors,

249 2339 362 2401 Stultus
384 2348 509 2418 uterque
531 2339 628 2400 locum
653 2340 822 2401 inmeritum
846 2350 982 2402 causatur
1004 2342 1122 2420 inique;
1145 2413 1150 2416 4

249 2425 281 2485 ln
307 2425 392 2504 culpa
416 2433 460 2485 est
482 2424 607 2495 aninmo,
631 2426 734 2504 quise
758 2445 818 2486 non
843 2426 945 2505 effugit
967 2445 1118 2505 umquam.

249 2511 292 2570 Tu
317 2510 508 2571 mediastinus
531 2512 617 2570 tacita
641 2530 730 2589 prece
753 2529 820 2572 rura
843 2512 972 2590 petebas

250 2595 337 2657 Nunc
360 2595 464 2655 urbem
488 2605 517 2655 et
538 2596 623 2657 ludos
646 2605 674 2657 et
697 2596 801 2657 balnea
824 2596 926 2657 vilicus
949 2605 1047 2675 optas;

250 2681 296 2740 lle
319 2689 455 2742 constare
476 2682 548 2741 milri
570 2682 627 2742 sois
650 2692 679 2742 et
701 2682 851 2742 discedere
873 2682 997 2755 tristem,

250 2766 504 2844 Quandocumque
528 2767 650 2826 trabunt
672 2766 764 2826 invisa
787 2767 907 2845 negotia
929 2766 1062 2826 Romam.

248 2851 313 2911 Non
338 2852 438 2911 eadem
460 2851 610 2923 miramur,
635 2870 669 2910 eo
692 2851 876 2911 disconvenit
898 2851 976 2912 inter

250 2936 355 3014 Meque
378 2944 408 2995 et
429 2944 472 3010 te;
496 2954 564 2995 nam
587 2954 662 3015 qnae
685 2936 798 2996 deserta
821 2945 851 2996 et
872 2936 1020 3016 inhospita
1043 2947 1146 3015 tesqua

251 3020 361 3094 Credis
385 3038 507 3081 amoena
528 3031 613 3082 vocat
634 3039 750 3081 mecum
772 3020 822 3099 qui
845 3021 935 3082 sentit
958 3032 987 3082 et
1009 3021 1071 3081 odit

251 3104 332 3176 Quae
354 3114 386 3165 tu
408 3106 532 3185 pulchra
555 3117 648 3186 putas.
693 3106 803 3166 Fornix
825 3106 878 3166 tibi
900 3116 930 3166 et
951 3115 1041 3168 uncta
1064 3108 1175 3186 popina

253 3190 405 3250 Incutiunt
427 3191 509 3252 urbis
532 3191 718 3262 desiderium,
741 3191 834 3265 video,
859 3200 888 3250 et
910 3192 989 3269 quod

253 3275 386 3352 ningulus
408 3275 461 3336 iste
485 3277 559 3337 leret
580 3277 666 3356 piper
687 3285 716 3336 et
737 3285 785 3337 tus
808 3277 890 3337 ocius
912 3295 967 3336 uva

250 3359 311 3419 Neo
334 3360 426 3420 vicina
450 3361 551 3423 subest
572 3362 673 3422 vinum
695 3362 839 3440 praebere
861 3360 983 3421 taberna

252 3577 305 3627 lllll
324 3594 347 3628 v.
370 3580 400 3627 14
419 3578 519 3642 glomos
537 3581 572 3642 (o)
591 3577 682 3643 globos
700 3580 735 3643 (o)
762 3577 765 3644 Ι
793 3579 877 3646 pyrria
900 3583 927 3628 et
949 3578 1025 3644 pirria
1052 3578 1131 3629 libri:
1154 3580 1241 3645 purria

164 3645 260 3710 (purril.
280 3662 314 3695 etc
331 3645 416 3712 purria
435 3645 536 3708 Manae]
563 3661 598 3696 ec.
616 3647 791 3712 depravatum
809 3646 891 3710 Mon.)
910 3647 1006 3711 Porpb.
1028 3646 1243 3713 admonenteque

166 3712 340 3763 Locbmonno
359 3714 396 3763 od
414 3712 493 3763 Luer.
512 3712 611 3768 111911
630 3714 863 3779 Zangemcicteratc
885 3715 948 3766 butt.
969 3716 1033 3767 1865
1052 3729 1081 3778 p.
1102 3716 1164 3775 1833
1184 3714 1242 3767 ott

164 3779 196 3830 lV
209 3796 235 3845 p.
250 3784 296 3835 211
314 3781 318 3847 Ι
336 3782 365 3832 16
385 3796 433 3831 neu
453 3783 488 3843 (u)
507 3796 554 3832 nec
566 3782 601 3846 (o)
626 3782 630 3849 l
657 3784 687 3835 18
700 3799 755 3848 aq..
773 3797 849 3848 porro
867 3781 941 3847 vade,
958 3782 1031 3832 vale:
1048 3782 1134 3834 Bentl.
1155 3799 1241 3850 ,porro

164 3847 459 3970 νδ(18.1ῑ1ἳῗ111θι>Α9Κενεῑ
477 3917 562 3969 Bentl.
578 3917 582 3985 Ι
600 3921 629 3971 11
650 3921 714 3981 sors]
733 3933 773 3969 res
791 3920 827 3983 (o)
842 3918 847 3984 l
865 3921 895 3971 19
914 3932 963 3984 qna
982 3894 1074 3982 (511(ι
