2474 4440
379 233 609 287 EPISTULARUM
626 235 636 287 l
656 239 696 289 14.
716 239 754 289 15.
1037 232 1098 294 201

100 405 197 477 Quae
220 407 313 486 possit
335 407 388 468 tibi
412 426 467 467 nec
491 406 628 468 meretrix
651 408 781 481 tibicina,
805 409 889 469 cuius
1072 420 1101 471 tt

97 492 152 552 Ad
179 492 336 570 strepitum
359 492 443 553 salias
465 502 561 554 terrae
583 494 693 570 gravis;
716 502 864 554 ettamen
888 513 976 573 urges

99 576 291 655 Iampridem
315 596 374 637 non
399 586 475 638 tacta
497 578 647 656 ligonibus
669 597 736 638 arva
758 579 923 657 bovemque

100 660 301 723 Disiunctum
324 680 410 722 curas
432 671 462 723 et
483 663 591 724 strictis
614 662 769 735 frondibus
792 665 907 743 exples;

100 747 202 808 Addit
225 765 300 825 opus
322 747 406 826 pigro
430 748 519 819 rivus,
542 749 565 808 si
589 748 697 808 decidit
719 749 821 820 imber,

102 831 205 893 Multa
228 831 306 891 mole
329 833 480 893 docendus
502 834 602 912 aprico
626 852 747 913 parcere
769 842 863 913 prato.
886 869 928 878 -
1073 845 1102 895 30

102 916 202 978 Nunc
225 935 287 994 age,
311 916 381 995 quid
405 927 541 978 nostrum
564 928 742 979 concentum
766 919 880 991 dividat,
903 920 985 980 audi:

103 1002 210 1073 Quem
235 1011 340 1063 tenues
363 1003 488 1064 decuere
510 1012 596 1083 togae
619 1003 763 1083 nitidique
785 1004 891 1084 capilli,

104 1087 212 1158 Quem
234 1087 291 1148 scis
313 1088 465 1149 inmunem
489 1088 612 1149 Cinarae
633 1089 779 1168 placuisse
801 1089 908 1169 rapaci,

105 1173 211 1245 Quem
232 1172 365 1233 bibulum
389 1173 490 1251 liquidi
514 1174 608 1233 media
630 1176 666 1234 de
689 1175 755 1235 lucc
778 1174 905 1247 Falerni,

106 1259 193 1322 Cena
216 1257 313 1318 brevis
335 1258 413 1318 iuvat
436 1267 464 1318 ct
486 1277 580 1338 prope
603 1259 695 1318 rivum
719 1279 842 1321 somnus
865 1260 895 1320 in
918 1257 1019 1332 herba,
1072 1269 1102 1318 35

106 1345 177 1406 Nec
200 1343 304 1404 lusisse
326 1342 426 1421 pudet,
449 1345 499 1404 sed
524 1363 584 1404 nou
608 1344 739 1405 incidere
761 1344 873 1405 ludum.

106 1430 180 1492 Non
205 1428 269 1489 istic
293 1427 413 1506 obliquo
436 1429 523 1489 oculo
546 1447 609 1489 mea
633 1431 785 1490 commoda
809 1430 962 1508 quisquam

106 1515 220 1586 Limat,
244 1532 303 1573 nou
329 1514 395 1574 odio
418 1513 545 1575 obscuro
569 1532 729 1594 morsuque
750 1522 887 1587 venenat,

108 1599 225 1662 Rident
246 1599 332 1659 vicini
356 1598 474 1676 glaebas
497 1609 526 1660 et
548 1618 615 1660 saxa
638 1608 813 1660 moventem.

110 1686 190 1748 Cum
212 1684 303 1745 serris
326 1684 438 1745 urbana
461 1684 550 1745 diaria
574 1685 679 1744 rodere
702 1686 800 1758 mavis,
1073 1694 1102 1746 40

110 1773 230 1834 Horum
253 1778 286 1829 tu
309 1770 338 1829 in
363 1788 520 1830 numerum
543 1779 610 1830 voto
632 1770 703 1839 ruis,
726 1770 836 1831 invidet
858 1788 944 1830 usum

112 1858 280 1936 Lignorum
303 1863 333 1914 et
353 1856 470 1933 pecoris
492 1855 546 1916 tibi
569 1856 632 1916 calo
655 1866 776 1934 argutus
800 1848 837 1916 et*
850 1855 937 1915 horti.

113 1943 206 2022 Optat
229 1940 365 2021 ephippia
387 1941 441 2002 bos
465 1940 557 2019 piger,
580 1949 662 2020 optat
684 1958 766 2001 arare
788 1940 934 2014 caballus3

114 2027 212 2097 Quam
235 2027 290 2087 scit
313 2034 447 2103 uterque,
470 2025 574 2097 libens,
598 2026 737 2099 censebo,
761 2034 896 2086 exerceat
917 2031 1019 2084 artem.

540 2312 589 2372 XV

116 2434 200 2506 Quae
223 2433 260 2494 sit
282 2433 376 2493 hiems
398 2432 505 2504 Veliae,
528 2430 608 2510 quod
631 2432 753 2504 caelum,
777 2432 855 2504 Vala,
879 2431 1003 2506 Salerni,

116 2519 251 2591 Quorum
277 2518 431 2579 hominum
461 2517 542 2596 regio
565 2525 594 2577 et
617 2517 710 2594 qualis
731 2517 775 2576 via
798 2550 812 2561 ·
836 2534 904 2577 nam
926 2517 997 2577 mihi
1020 2516 1103 2578 Baias

116 2605 199 2666 Musa
222 2621 417 2682 supervacuas
439 2602 596 2675 Antonius,
621 2610 768 2662 ettamen
792 2601 848 2662 illis
1131 2596 1134 2603 ’

117 2689 164 2750 Me
187 2689 256 2749 facit
278 2689 413 2760 invisum,
437 2688 530 2766 gelida
555 2705 622 2747 cum
644 2686 765 2766 perluor
787 2687 865 2747 unda

116 2775 175 2835 Per
195 2774 324 2834 medium
347 2773 450 2852 frigus.
496 2773 572 2834 Sane
595 2779 720 2832 murteta
743 2771 871 2849 relinqui
1088 2782 1103 2832 ὁ

117 2859 260 2938 Dictaque
283 2866 445 2919 cessantem
469 2857 567 2918 nervis
590 2857 698 2917 elidere
721 2857 854 2917 morbum

118 2944 245 3023 Sulpura
269 2944 419 3004 contemni
441 2943 522 3002 vicus
544 2943 643 3021 gemit,
666 2942 781 3002 invidus
804 2941 907 3020 aegris,

117 3028 176 3100 Qui
199 3038 288 3108 caput
310 3037 339 3088 et
360 3027 544 3089 stomachum
567 3046 738 3107 supponere
760 3026 893 3088 lontibus
914 3027 1025 3086 audent

118 3113 245 3176 Clusinis
268 3112 435 3192 Gabiosque
458 3121 565 3192 petunt
587 3121 617 3173 et
638 3113 743 3191 frigida
767 3130 846 3172 rura.

117 3199 276 3260 Mutandus
297 3199 380 3260 locus
402 3207 446 3259 est
468 3207 497 3257 et
519 3198 685 3259 deversoria
709 3193 789 3280 nota:
1077 3207 1105 3258 to

120 3284 372 3362 Praeteragendus
394 3300 496 3360 equus.
538 3276 618 3354 ‘Quo
641 3281 761 3343 tendis?
784 3301 844 3343 nou
869 3280 940 3342 mihi
964 3281 1069 3342 Cumas

119 3369 172 3430 Est
194 3369 250 3430 iter
271 3378 321 3430 aut
342 3364 434 3429 Baias'
460 3368 538 3427 laeva
561 3368 764 3429 stomachosus
787 3367 901 3427 habena

118 3453 202 3515 Dicet
223 3472 327 3533 eques;
350 3454 402 3516 sed
424 3452 493 3531 equi
515 3453 629 3513 frenato
652 3462 697 3513 est
719 3452 797 3513 auris
820 3453 850 3513 in
873 3470 924 3512 oro
946 3468 976 3525 -;

121 3655 176 3707 xlv
185 3671 209 3708 υ.
223 3657 254 3708 25
268 3659 356 3722 posset
372 3654 376 3720 Ι
391 3656 424 3706 39
437 3670 475 3719 sq.
487 3657 641 3707 moventem.
669 3653 985 3716 Gnmservisurbnnu1=
996 3652 1104 3715 Pergit:

97 3729 181 3776 'entem
199 3739 255 3775 cum
275 3723 363 3774 servis.
381 3722 482 3773 Urbana
501 3721 536 3773 al.
551 3725 556 3782 Ι
572 3724 605 3773 40
623 3722 716 3773 cibaria
739 3723 743 3782 l
765 3723 797 3773 43
815 3720 872 3784 bos,
889 3720 961 3786 piger
979 3725 1051 3786 optat
1069 3717 1103 3768 ol.

123 3791 168 3842 xv
187 3809 212 3844 o.
233 3794 264 3845 12
282 3790 376 3842 Bains‘l
409 3789 439 3840 ll.
457 3790 584 3840 Dunclter·
611 3792 614 3853 Ι
645 3793 674 3842 13
699 3802 780 3856 equus
806 3787 833 3840 K.
850 3787 932 3838 Iliacis
954 3804 1016 3838 ona.
1038 3785 1103 3850 phil

97 3861 144 3916 ‚tt
156 3877 208 3926 aq.;
226 3859 257 3912 lt.
274 3859 402 3910 Dunclrcr
424 3859 489 3910 ibid.
512 3860 568 3922 129,
586 3862 617 3910 57
630 3875 685 3925 sqq.
704 3857 773 3923 equi]
796 3873 820 3910 o.
840 3856 866 3908 V
881 3856 937 3907 ind.
957 3851 1104 3906 terruerat

109 3944 131 3980 n.
150 3931 215 3983 1889
229 3945 257 3995 p.
278 3930 322 3979 ld:
341 3927 413 3994 equis
431 3928 467 3991 (a)
1040 3918 1183 4180 Γ
