2474 4440
387 227 558 282 CARMINUM
576 231 606 284 111
626 235 665 286 16.

491 401 556 461 XVI

122 515 266 577 Inclusam
288 517 409 578 Danaen
433 520 524 581 turris
546 538 637 581 aenea

121 600 326 679 Robustaeque
348 602 428 664 iores
450 612 479 664 et
501 604 621 683 vigilum
644 623 750 666 canum

164 685 276 746 Tristes
298 685 439 749 excubiae
462 689 632 750 munierant
653 690 722 751 satis

214 771 375 833 Nocturnis
396 773 432 833 ab
455 773 603 847 adulteris,

121 889 149 950 Sl
171 908 232 949 non
256 876 411 963 Acrisium,
434 891 554 968 virginis
576 891 690 953 abditae

120 972 274 1035 Custodem
297 974 442 1053 pavidum,
464 975 599 1055 luppiter
621 986 650 1037 et
672 977 771 1039 Venus

163 1058 323 1119 Risissent:
347 1061 410 1120 lore
432 1061 511 1121 enim
535 1069 629 1122 tutum
652 1061 708 1122 iter
730 1071 759 1122 et
781 1072 885 1141 patens

215 1142 363 1205 Converso
386 1144 416 1205 in
440 1145 568 1224 pretium
590 1146 655 1206 deo.
678 1182 718 1192 -
754 1171 756 1176 ·

118 1262 231 1322 Aurum
253 1279 309 1340 per
329 1261 441 1323 medios
464 1262 507 1323 ire
529 1264 667 1326 satellites

118 1345 153 1406 lit
175 1364 368 1426 perrumpere
390 1356 468 1407 amat
489 1365 557 1407 saxa
578 1349 729 1427 potentius
991 1358 1019 1409 lo

162 1431 227 1492 lctu
250 1430 409 1492 fulmineo:
421 1432 563 1492 xconcidit
583 1434 704 1512 auguris

213 1516 312 1594 Argivi
334 1516 450 1589 domus,
472 1515 510 1576 ob
532 1517 647 1578 lucrum

118 1633 255 1694 Demersa
278 1634 382 1708 exitio;
405 1633 510 1695 diffidit
531 1635 649 1696 urbium

118 1719 221 1779 Portas
243 1718 287 1778 vir
308 1718 429 1779 Macedo
453 1729 482 1779 et
503 1718 621 1780 subruit
643 1717 774 1780 aemulos

164 1802 259 1881 Reges
281 1803 471 1878 muneribus;
493 1821 616 1865 munera
640 1803 756 1863 navium

215 1888 322 1948 Saevos
343 1889 515 1966 inlaqueant
536 1890 635 1949 duces.
657 1924 700 1934 -

118 2004 306 2065 Crescentem
329 2006 462 2083 sequitur
485 2025 555 2067 cura
576 2007 733 2085 pecuniam

117 2090 320 2168 Malorumque
342 2091 447 2152 sames:
471 2091 535 2151 iure
558 2091 716 2170 perhorrui

163 2175 235 2235 Late
258 2175 452 2254 conspicuum
475 2176 577 2236 tollere
599 2176 748 2248 verticem,

214 2259 379 2333 Maecenas,
402 2260 534 2338 equitum
557 2261 655 2322 decus.

117 2377 235 2448 Quanto
258 2378 384 2457 quisque
407 2378 462 2439 sibi
486 2380 571 2458 plura
594 2379 752 2458 negaverit,

116 2461 160 2522 db
184 2461 229 2523 dis
250 2463 337 2541 plura
358 2464 447 2523 feret:
472 2463 513 2524 nil
536 2463 718 2542 cupientium

162 2546 266 2608 Nudus
288 2555 381 2609 castra
403 2556 471 2627 peto
496 2558 525 2608 et
546 2549 699 2628 transfuga
722 2547 844 2608 divitum

214 2631 308 2693 Partis
329 2632 465 2710 linquere
487 2633 590 2712 gestio,

118 2732 310 2812 Contemptae
333 2734 471 2795 dominus
494 2734 675 2814 splendidior
698 2735 740 2793 rei

116 2816 210 2887 Quam
232 2817 257 2878 si
281 2818 422 2897 quidquid
445 2829 509 2880 arat
530 2820 656 2899 impiger
677 2819 791 2899 Apulus

162 2902 318 2963 Occultare
340 2905 413 2965 meis
435 2905 551 2965 dicerer
573 2904 697 2976 horreis,

214 2987 334 3065 Magnas
356 2989 433 3049 inter
457 3008 528 3068 opes
550 2989 647 3067 inops.

114 3087 211 3148 Purae
233 3089 314 3149 rivus
335 3107 427 3167 aquae
449 3091 578 3168 silvaque
599 3090 734 3168 iugerum

114 3172 283 3234 Paucorum
307 3182 336 3233 et
356 3177 463 3252 segetis
486 3185 566 3235 certa
589 3174 661 3234 fides
683 3190 765 3232 meae

162 3255 338 3336 Fulgentem
361 3260 485 3340 imperio
509 3259 612 3319 fertilis
634 3258 749 3318 Africae

213 3341 299 3403 Fallit
319 3353 398 3404 sorte
419 3344 543 3405 beatior.

115 3443 302 3524 Quamquam
325 3464 380 3505 nec
404 3444 542 3506 Calabrae
565 3442 650 3503 mella
672 3443 774 3501 lerunt
795 3458 864 3519 apes

114 3530 175 3594 Nec
198 3530 407 3610 Laestrygonia
431 3529 564 3590 bacchus
586 3528 616 3587 in
640 3526 788 3605 amphora.

163 3615 341 3694 Languescit
363 3614 433 3674 mihi
457 3633 512 3675 nec
535 3612 655 3693 pinguia
679 3609 796 3672 Gallicis
989 3615 1018 3666 35

215 3700 360 3761 Crescunt
381 3699 487 3760 vellera
509 3697 634 3778 pascuis

69 3803 190 3812 ...—

69 3849 128 3903 XVI
147 3867 169 3902 o.
190 3853 205 3902 6
223 3849 340 3900 rabidum
354 3851 451 3914 Porpb.
465 3848 521 3897 aod.
534 3847 604 3897 Mon.
617 3845 740 3911 (rapidum
755 3842 870 3892 eiusdem
888 3838 945 3891 cod.
960 3838 1038 3904 cua.)
1053 3837 1057 3903 Ι

70 3961 77 3977 .
95 3917 348 3986 pascuis-inportuna
362 3957 367 3969 .
381 3957 387 3968 .
401 3954 407 3968 .
419 3915 675 3980 deneges-contracto
694 3911 822 3962 distinxit
838 3907 890 3958 ΑΚ
978 3979 979 3986 ¹

824 3992 856 4043 5*
