2474 4440
181 216 242 275 206
530 218 760 272 EPISTULARUM
777 222 787 273 l
807 225 846 275 l'l.
866 225 905 276 18.

268 391 426 453 Rettuleris
447 410 590 471 pannum.
635 392 723 453 Refer
746 405 775 454 et
796 395 861 456 sine
883 395 959 455 vivat
980 395 1117 474 ineptus!
1143 432 1184 443 -—

266 477 324 539 Res
346 495 450 556 gerere
473 486 503 538 et
525 484 627 555 captos
649 480 807 539 ostendere
829 480 941 541 civibus
962 480 1065 554 hostis,
1153 537 1156 541 .

265 562 391 640 Attingit
413 561 518 623 solium
541 562 618 623 lovis
640 572 669 623 et
691 564 826 625 caelestia
847 574 986 644 temptat:

267 647 455 726 Principibus
477 647 622 726 placuisse
643 648 712 709 viris
737 668 796 711 non
820 650 921 710 ultima
943 649 1007 711 laus
1029 659 1083 710 est.

264 734 330 794 Non
354 733 445 794 cuivis
466 732 580 793 homini
603 733 751 811 contingit
771 735 852 795 adire
875 734 1062 799 Corinthum.

264 818 347 880 Sedit
368 818 418 897 qui
440 818 546 890 timuit,
570 836 608 877 ne
631 838 692 879 non
715 819 902 881 succederet:
921 815 1017 881 ‘Este

264 903 351 979 Quid,
374 903 425 982 qui
447 903 591 981 pervenit,
614 904 723 964 fecitne
745 901 903 965 viriliter‘l'
948 905 1037 984 utqui

262 989 318 1050 Hic
341 998 385 1050 est
406 997 458 1049 aut
481 1006 624 1066 nusquam
648 989 727 1067 quud
751 991 927 1068 quaerimus.
962 990 1016 1051 Hic
1041 1009 1119 1053 onus
1140 993 1230 1056 burra

262 1074 301 1135 Ut
322 1075 419 1154 parvis
441 1072 546 1133 animis
569 1083 598 1134 et
620 1092 710 1153 parva
733 1093 858 1154 corpore
880 1076 983 1150 maius,

261 1159 316 1221 Hic
338 1158 419 1220 subit
440 1168 470 1220 et
491 1159 613 1238 perfert.
657 1161 716 1219 Aut
737 1159 830 1221 virtus
853 1179 962 1221 nomen
984 1161 1074 1222 inane
1098 1172 1153 1232 est,

259 1244 318 1304 Aut
339 1245 429 1305 decus
451 1252 482 1304 et
502 1244 631 1323 pretium
654 1253 734 1305 recte
756 1245 831 1324 petit
853 1245 1010 1325 experiens
1031 1246 1084 1306 vir.
1110 1283 1151 1292 —

262 1330 367 1392 Coram
390 1348 460 1408 rege
482 1347 533 1390 sua
557 1329 593 1389 de
615 1338 789 1408 paupertate
811 1339 943 1392 tacentes
1012 1396 1015 1402 ,

261 1416 330 1477 Plus
353 1423 495 1494 poscente
518 1415 623 1474 ferent.
667 1415 770 1488 llistat,
792 1434 931 1476 sumasne
952 1416 1102 1494 pudenter

259 1502 306 1562 Αιι
329 1501 441 1580 rapias;
465 1500 545 1579 atqui
568 1517 668 1559 rerum
691 1510 781 1580 caput
801 1501 858 1562 hoc
881 1511 953 1574 erat,
976 1500 1024 1560 bic
1047 1502 1125 1564 lons

257 1579 404 1647 ‘lndctata
427 1585 498 1645 mihi
521 1603 606 1646 sorar
629 1593 681 1659 est,
705 1586 886 1665 paupercula
908 1592 1002 1646 mater

258 1671 296 1732 Et
317 1672 428 1733 fundus
451 1688 507 1731 nec
529 1669 686 1774 vepdibilis
708 1688 764 1731 nec
785 1688 906 1772 pascere
929 1666 1041 1732 firmus'

259 1756 317 1827 Qui
339 1757 418 1830 dicit,
441 1748 576 1816 clamat‘
579 1756 688 1815 victum
711 1749 825 1830 datel’3
848 1755 976 1818 succinit
997 1756 1072 1817 alter

254 1837 307 1903 ‘Et
328 1803 448 1916 mibil;
471 1841 588 1901 dividuo
611 1841 742 1901 findetur
763 1859 888 1902 munere
910 1841 1030 1920 quadra.

258 1927 314 1987 Sed
337 1927 444 1988 tacitus
466 1927 547 2005 pasci
570 1926 593 1987 si
616 1935 717 2005 posset
739 1944 854 2000 corvus,
876 1926 999 1987 baberet

257 2012 327 2073 Plus
349 2013 432 2091 dapis
454 2021 483 2071 et
506 2012 584 2072 rixae
607 2011 700 2072 multo
723 2011 822 2072 minus
844 2011 1038 2089 invidiaeque.
1061 2045 1104 2056 ·-

256 2096 447 2158 Brundisium
470 2114 570 2157 comes
592 2104 642 2156 aut
664 2095 842 2157 Surrentum
865 2095 972 2158 ductus
992 2114 1167 2173 amoenum,

256 2180 314 2252 Qui
336 2182 471 2260 queritur
492 2181 621 2242 salebras
644 2190 673 2241 et
694 2181 834 2242 acerbum
857 2182 950 2260 frigus
972 2191 1001 2242 et
1024 2181 1130 2243 imbris

253 2268 313 2327 but
335 2267 436 2328 cistam
459 2266 608 2327 effractam
632 2274 661 2327 et
683 2266 827 2328 subducta
848 2266 952 2327 viatica
974 2267 1081 2346 plorat,

255 2353 330 2413 Nota
352 2353 444 2412 refert
465 2351 628 2412 meretricis
650 2352 797 2424 acumina,
818 2370 907 2431 saepe
930 2351 1072 2427 catellam,

255 2438 349 2517 Saepe
371 2436 574 2517 periscelidem
598 2445 712 2516 raptam
735 2437 791 2498 sibi
813 2436 921 2510 flentis,
944 2436 986 2498 uti
1009 2455 1077 2498 mcx

254 2523 340 2583 Nulla
362 2522 434 2584 fides
456 2521 570 2583 damnis
590 2522 727 2600 verisque
750 2521 902 2583 doloribus
924 2521 1007 2583 adsit.

256 2608 316 2669 Nec
338 2608 430 2669 semel
452 2607 562 2668 inrisus
582 2607 676 2668 triviis
699 2607 839 2668 adtollere
861 2615 946 2668 curat

254 2692 362 2754 Fracto
385 2711 473 2754 crure
497 2692 629 2771 planum,
652 2692 720 2752 licet
743 2692 784 2752 illi
806 2691 933 2772 plurima
956 2701 1056 2753 manet

254 2778 396 2852 lacrima,
419 2797 474 2858 per
495 2786 632 2839 sanctum
655 2777 767 2839 iuratus
789 2777 867 2837 dicat
889 2777 1013 2838 Osirim:

248 2857 391 2939 ‘Credite
416 2883 476 2924 nan
500 2863 586 2936 lud0;
609 2861 753 2935 crudeles,
776 2862 870 2922 tollite
892 2853 1049 2924 claudum?

252 2945 382 3020 ‘·Quaere
405 2939 604 3028 peregrinum'
630 2947 734 3007 vicinia
758 2965 845 3008 rauca
869 2947 1016 3008 reclamat.

628 3119 780 3128 ——-

628 3307 639 3328 ⁶
655 3237 747 3298 xuu

252 3357 284 3417 Si
308 3357 385 3418 bene
407 3367 436 3419 te
459 3359 536 3431 novi,
560 3366 683 3430 metues,
705 3355 854 3417 liberrime
877 3354 961 3429 tolli,

253 3443 422 3505 Scurrantis
444 3443 573 3523 speciem
595 3442 747 3522 praebere,
769 3441 921 3521 professus
943 3441 1079 3502 amicum.

253 3527 291 3589 Ut
313 3536 447 3589 matrona
469 3527 617 3588 meretrici
639 3527 738 3607 dispar
760 3526 815 3587 erit
837 3534 926 3603 atque

252 3613 397 3689 lliscolur,
420 3614 511 3675 infida
534 3630 653 3674 scurrae
675 3611 793 3675 distabit
816 3610 936 3672 amicus.

254 3849 363 3901 xvnv.
382 3851 464 3913 3'lsq.
479 3840 600 3900 ‘.—est0
611 3847 734 3899 viriliter?
722 3843 834 3933 ‘l’szK
853 3852 958 3899 esto.—
971 3845 1169 3915 viriliterillss
1189 3862 1231 3900 sut

163 3921 200 3984 (u)
218 3920 315 3971 Bentl:
335 3918 451 3985 su0149
468 3909 504 3967 ct
522 3914 746 3981 mibi-quadra.
773 3916 808 3967 ab

68 4044 143 4168 ἱ
