2474 4440
513 247 702 301 SdTleRUM
720 248 740 299 ll
759 250 782 301 3.

199 419 251 479 llle
273 421 485 494 sinistrorsum,
508 421 556 481 bic
578 422 765 481 dextrorsum
787 421 856 495 abit,
879 441 958 483 unus
982 424 1103 504 utrique

200 504 298 579 Error,
321 507 371 568 sed
395 506 481 566 variis
504 505 611 566 inludit
633 505 775 585 partibus,
798 507 855 566 hoc
877 516 906 567 te

200 589 291 651 Crede
315 593 403 652 modo
426 593 573 664 insanum,
599 591 690 651 nihilo
714 602 746 652 ut
767 591 929 670 sapientior
952 593 1010 666 ille,

198 674 255 745 Qui
278 687 306 737 te
329 677 450 748 deridet,
474 677 595 737 caudam
617 677 722 736 trabat.
747 709 786 720 -
810 676 862 738 Est
883 695 978 755 genus
1001 698 1096 741 unum

199 761 343 822 stultitiae
367 762 490 822 nihilum
514 761 669 822 metuenda
691 761 831 835 timentis,
854 771 887 824 ut
909 763 996 841 ignis

197 846 235 906 Ut
257 865 346 926 rupes
368 847 531 926 fluviosque
553 848 584 906 in
608 864 711 925 campo
735 846 852 907 obstare
874 857 1030 924 queratur;

197 931 328 993 Alterum
352 942 381 992 et
403 932 472 992 huic
497 949 593 991 rarum
618 941 647 991 et
671 931 761 992 nihilo
784 932 947 1010 sapientius
969 933 1049 1012 ignis

198 1017 253 1075 l‘er
275 1018 388 1078 medios
411 1017 573 1095 lluviosque
596 1017 723 1077 ruentis:
747 1017 852 1076 clamet
873 1017 967 1078 amica

197 1101 300 1174 Mater,
323 1103 447 1162 honesta
469 1120 555 1162 soror
578 1119 643 1161 cum
667 1103 810 1179 cognatis,
834 1111 926 1180 pater,
950 1122 1028 1165 uxor

193 1178 263 1247 ‘llic
284 1189 361 1248 lossa
385 1195 429 1247 est
451 1187 566 1263 ingens,
590 1186 637 1246 bic
659 1205 748 1265 rupes
770 1187 909 1246 maxima:
933 1179 1047 1248 serval’

196 1271 262 1332 Non
286 1272 377 1351 magis
400 1271 533 1345 audierit,
558 1289 644 1349 quam
668 1271 769 1332 Fulius
792 1271 891 1333 ebrius
915 1272 996 1344 olim,

198 1355 269 1417 Cum
293 1356 415 1417 llionam
439 1357 573 1428 edomuit,
598 1354 726 1417 Catienis
747 1357 826 1416 mille
848 1358 984 1419 ducentis

194 1434 308 1515 ‘Mater
333 1451 360 1502 te
383 1432 504 1520 adpello'
531 1441 734 1502 clamantibus.
779 1441 855 1502 Huic
877 1461 931 1522 ego
956 1444 1060 1523 volgus

196 1526 298 1589 Errori
320 1527 443 1588 similem
468 1537 608 1586 cunctum
632 1527 762 1587 insanire
785 1527 907 1588 docebo.
933 1562 975 1572 -

195 1611 308 1674 Insanit
329 1622 441 1672 veteres
463 1621 573 1672 statuas
597 1612 789 1690 Damasippus
811 1612 952 1673 emendo:

195 1697 313 1778 lnteger
335 1706 380 1760 est
400 1697 509 1758 mentis
531 1697 697 1776 Damasippi
720 1695 869 1757 creditor?
914 1697 995 1758 Esto.

193 1776 314 1866 ‘Accipe
339 1781 418 1861 quod
441 1800 601 1860 numquam
625 1783 729 1842 reddas
751 1777 840 1842 mibi',
857 1782 881 1843 si
903 1783 956 1843 tibi
980 1783 1083 1858 dicam,

196 1869 280 1928 Tune
303 1870 424 1929 insanus
446 1868 550 1927 crissi
573 1867 731 1946 acceperis,
755 1886 791 1927 an
814 1868 906 1946 magis
929 1887 1033 1930 excors

197 1953 313 2015 lleiecta
336 1952 454 2032 praeda,
478 1970 564 2029 quam
588 1970 729 2030 praesens
752 1952 915 2014 Mercurius
938 1951 1019 2014 lert?

195 2039 296 2099 Scribe
319 2039 421 2098 decem
444 2056 458 2096 a
481 2037 587 2097 Nerio:
611 2057 672 2098 non
697 2046 740 2098 est
761 2038 845 2113 satis;
868 2037 941 2098 adde
966 2039 1082 2100 Cicutae

195 2123 302 2185 Nodosi
326 2122 448 2194 tabulas,
471 2133 601 2196 centum,
624 2123 703 2183 mille
725 2122 798 2183 adde
820 2131 952 2184 catenas:

195 2207 323 2286 Effugiet
345 2217 442 2268 tamen
466 2208 537 2268 baec
560 2207 720 2268 sceleratus
741 2207 856 2269 vincula
880 2209 1015 2270 Proteus.

194 2294 265 2354 Cum
290 2293 386 2372 rapies
408 2292 438 2352 in
464 2292 509 2353 ius
532 2293 614 2353 malis
637 2292 781 2353 ridentem
805 2293 918 2366 alienis

194 2379 257 2439 Fiet
279 2397 359 2457 aper,
383 2378 471 2437 modo
493 2378 562 2451 avis,
585 2378 673 2438 modo
696 2397 798 2440 saxum
821 2388 858 2447 et,
882 2397 950 2438 eum
974 2378 1058 2450 volet,
1080 2378 1138 2438 arb¹

194 2464 224 2523 Si
247 2465 322 2524 male
344 2482 408 2524 rem
430 2481 533 2541 gerere
556 2463 653 2523 insani
676 2473 728 2534 est,
751 2473 854 2523 contra
877 2465 954 2523 bene
978 2465 1050 2537 sani,

194 2549 327 2610 Putidius
348 2549 441 2609 multo
465 2547 620 2608 cerebrum
644 2557 698 2621 est,
721 2549 791 2608 mihi
814 2549 912 2621 crede,
936 2549 1041 2611 l'crelli

193 2635 342 2708 lliclantis
367 2634 444 2712 quod
467 2642 499 2694 tn
523 2651 684 2710 numquam
708 2633 871 2693 rescribere
894 2633 999 2712 possis.
1023 2669 1063 2678 -

191 2719 300 2780 Audire
323 2726 410 2797 atque
433 2726 531 2796 togam
555 2718 641 2779 iubeo
665 2737 854 2796 componere,
878 2718 1012 2796 quisquis

192 2805 359 2865 Ambitione
381 2804 455 2863 mala
477 2812 528 2863 aut
549 2804 663 2881 argenti
687 2804 777 2882 pallet
800 2821 910 2876 amore,

192 2890 331 2970 Quisquis
353 2889 469 2949 luxuria
492 2889 603 2948 tristive
626 2889 836 2967 superstitione

190 2977 248 3035 Aut
269 2975 324 3035 alio
348 2975 457 3035 mentis
479 2974 583 3034 morbo
607 2973 696 3033 calet:
719 2973 778 3034 buc
801 2974 923 3052 propius
946 2992 1002 3047 me,

192 3061 265 3121 Dum
288 3061 380 3121 doceo
403 3060 535 3120 insanire
558 3059 664 3131 omnis,
688 3077 738 3119 ros
761 3059 863 3119 ordine
886 3058 973 3125 adite.
997 3095 1039 3106 -

191 3145 291 3205 Danda
314 3154 357 3206 est
379 3145 502 3206 cllebnri
524 3145 616 3204 multo
639 3162 706 3222 pars
729 3144 851 3204 maxima
874 3144 980 3205 avaris:

189 3228 294 3290 Nescio
317 3249 353 3291 an
377 3232 545 3312 Anticyram
569 3229 643 3290 ratio
665 3229 722 3290 illis
744 3229 871 3290 destinet
893 3247 1023 3290 omnem.

191 3313 321 3376 Heredes
344 3316 457 3377 Staberi
480 3333 624 3377 summam
647 3313 778 3374 incidere
801 3315 947 3393 sepulcro,
978 3372 981 3378 .

190 3399 226 3459 Ni
248 3400 290 3460 sic
312 3401 460 3473 fecissent,
483 3399 674 3478 gladiatorum
698 3398 768 3459 dare
789 3408 909 3461 centum
1008 3390 1014 3405 '

189 3484 326 3545 Damnati
349 3486 458 3565 populo
481 3485 562 3562 paria
585 3495 673 3563 atque
696 3485 814 3563 epulum
838 3483 959 3546 arbitrio
983 3485 1058 3558 Arri,

187 3668 257 3720 llla.
278 3669 444 3735 scurrisque
471 3669 475 3735 Ι
504 3671 534 3719 57
561 3669 656 3730 amica,
683 3674 764 3719 mater
787 3669 909 3733 honesta,
936 3668 970 3719 al.
998 3665 1043 3730 (ef.
1066 3661 1138 3728 Porpl

104 3736 186 3787 anicla
204 3745 292 3800 mater,
312 3736 453 3788 Hor-bolico
470 3739 541 3788 anal.
562 3738 625 3790 Hor.
640 3753 668 3802 p.
686 3739 719 3788 40
731 3754 786 3802 sqq.
802 3737 806 3802 Ι
822 3738 854 3788 62
872 3736 979 3802 uulgum
995 3742 999 3800 l
1016 3739 1047 3787 'ld
1065 3729 1138 3785 tabula

104 3810 214 3870 centum,
232 3807 312 3870 mille]
330 3809 362 3855 ut
379 3810 405 3855 et
421 3809 479 3870 ipae
495 3808 634 3857 volueram
652 3803 713 3855 AK:
740 3806 840 3857 tabulns
858 3810 969 3868 centum,
988 3804 1057 3855 mille
1068 3816 1111 3867 ug.
1124 3801 1138 3846 ll

103 3864 178 3925 bulas
193 3883 304 3940 centum,
323 3873 409 3938 mille,
428 3874 463 3928 al.
490 3877 494 3938 Ι
523 3877 554 3926 Ἱ2
574 3872 658 3924 ridens
677 3873 778 3938 Speyar
796 3876 992 3924 observationes
1010 3865 1138 3924 clamanda

104 3939 188 3992 tiones
199 3957 228 4007 p.
248 3947 281 3996 40
293 3960 331 4009 aq.
347 3939 352 4012 Ι
368 3945 400 3994 'lb
419 3943 507 4009 parelli
526 3959 541 3992 o
561 3941 645 4008 perilli
664 3942 698 4005 (o)

12 4058 110 4176 ἱ
