2474 4440
337 1001 932 1135 sarruauuu

494 1201 587 1254 LlBER
607 1202 782 1255 SECUNDUS.

632 1375 644 1434 1

187 1487 279 1555 ‘Sunt
302 1491 408 1571 quibus
430 1494 460 1553 in
484 1494 571 1554 satira
593 1494 691 1554 videar
715 1493 802 1554 nimis
825 1511 892 1554 acer
914 1503 944 1553 et
965 1496 1042 1558 ultra

189 1580 298 1658 Legem
321 1579 443 1639 tondere
467 1598 551 1657 opus,
574 1580 638 1639 siue
661 1579 758 1639 nervis
780 1579 868 1638 altera
892 1580 1033 1660 quidquid

190 1663 358 1744 composui,
381 1682 450 1742 pars
472 1682 535 1724 esse
557 1675 641 1744 putat
662 1665 824 1742 similisque
846 1683 980 1726 meorum

190 1750 268 1810 blille
291 1749 337 1810 die
359 1767 461 1810 versus
484 1749 588 1809 deduci
611 1769 707 1828 posse.
752 1749 880 1821 Trebati,

191 1835 267 1905 Quid
291 1835 403 1908 faciam,
427 1825 612 1913 praescribe?
649 1825 819 1905 ‘Quiescas²
857 1828 913 1895 ‘Ne
928 1835 1043 1910 faciam,
1067 1837 1124 1916 inq

191 1918 321 1980 Omnino
343 1910 480 1980 versus‘l'
513 1911 599 1978 ‘Aio'
632 1914 766 1981 ‘Peream
790 1920 874 1990 male,
897 1920 920 1980 si
944 1940 1006 1981 uon

191 2003 343 2083 Optimum
367 2011 437 2074 erat,
463 2022 562 2063 vorum
586 2023 702 2084 nequeo
725 1995 871 2064 dormire?
908 1997 982 2065 ‘Ter
1003 2007 1086 2067 uncti

191 2089 381 2149 Transnanto
404 2086 533 2148 Tiberim
558 2108 664 2150 somno
687 2089 794 2168 quibus
817 2098 862 2149 est
883 2108 959 2169 opus
981 2091 1049 2166 alto,

191 2173 405 2252 inriguumque
427 2190 510 2233 mero
533 2174 587 2234 sub
611 2185 728 2235 noctem
752 2193 862 2254 corpus
883 2175 1026 2252 babento;

193 2261 260 2332 Aut,
284 2259 308 2319 si
331 2267 431 2318 tantus
453 2278 536 2319 amor
557 2260 705 2321 scribendi
726 2268 756 2319 te
778 2259 863 2338 rapit,
887 2260 962 2320 aude

195 2344 327 2404 Caesaris
348 2343 449 2404 invicti
472 2363 519 2404 res
542 2345 649 2417 dicere,
671 2345 763 2405 multa
785 2344 921 2406 laborum

192 2428 323 2489 Praemia
345 2419 475 2490 laturus?
512 2423 681 2509 ‘cupidum
704 2439 788 2508 pater
810 2429 929 2508 optimo,
953 2433 1030 2492 vires

193 2514 355 2590 Deficiuut3
379 2515 578 2592 nequeenim
602 2516 696 2593 quivis
718 2515 869 2575 horrentia
893 2515 960 2594 pilis

195 2599 319 2678 Agmina
342 2619 398 2660 nec
420 2602 510 2660 fracta
534 2601 686 2678 pereuntis
708 2601 830 2678 cuspide
853 2600 951 2661 Gallos

197 2689 255 2746 Aut
276 2684 401 2745 labentis
424 2703 501 2762 equo
524 2686 663 2745 describit
683 2685 803 2745 volnera
826 2675 943 2746 Parthi?

193 2764 341 2831 ‘Attamen
367 2779 396 2829 et
417 2770 525 2831 iustum
549 2779 667 2848 poteras
689 2780 718 2830 et
740 2769 869 2830 scribere
891 2772 1009 2844 fortem,

197 2857 370 2935 Scipiadam,
392 2866 426 2915 ut
447 2856 566 2933 sapiens
588 2847 736 2915 Lucilius?
780 2848 878 2914 ‘Haud
901 2855 974 2915 mihi
997 2857 1076 2929 dero,

197 2942 268 3001 Cum
291 2959 339 3001 res
361 2941 422 3018 ipsa
446 2941 536 3015 feret;
560 2940 616 3000 uisi
640 2940 741 3000 dextro
764 2948 898 3018 tempore
920 2939 1018 3001 Flacci

193 3024 287 3084 Verba
309 3044 362 3104 per
384 3033 523 3084 attentam
547 3043 607 3084 non
630 3025 717 3085 ibunt
739 3023 870 3086 Caesaris
891 3044 1003 3096 aurem,

107 3119 136 3170 20
193 3108 247 3168 Cui
270 3109 343 3169 male
365 3110 389 3170 si
412 3111 541 3189 palpem,
564 3111 732 3170 recalcitrat
755 3110 886 3188 undique
909 3101 1008 3170 tutus?

191 3187 324 3263 ‘Quanto
347 3197 456 3256 rectius
477 3196 535 3254 hoc
558 3214 645 3272 qnam
668 3195 743 3255 tristi
766 3195 881 3255 laedere
903 3214 988 3255 versu

194 3278 387 3338 Pantolabum
410 3298 540 3341 scurram
564 3281 842 3359 Nomentanumque
865 3289 1013 3359 nepotem,

195 3363 267 3423 Cum
284 3363 338 3424 sibi
355 3365 479 3444 quisque
494 3365 587 3436 timet,
605 3384 780 3444 quamquam
798 3374 842 3427 est
857 3367 994 3438 intactus,
1009 3376 1038 3425 et
1053 3349 1119 3425 odit’

191 3441 281 3516 ‘Ouid
304 3447 431 3508 laciam‘l
474 3449 566 3510 Saltat
588 3451 735 3525 Milonius,
757 3461 791 3512 ut
811 3451 902 3512 semel
925 3453 982 3512 icto

124 3543 135 3556 ·
195 3533 328 3593 Accessit
350 3535 446 3594 lervor
468 3536 555 3614 capiti
580 3555 783 3614 numerusque
805 3537 937 3597 lucernis
944 3554 953 3612 ;

196 3786 278 3837 lv.l
310 3785 398 3837 uideor
420 3788 454 3850 (o)
481 3786 486 3852 l
513 3787 528 3837 9
550 3787 705 3850 irriguumve
727 3752 885 3851 liutger-siue
910 3787 972 3840 Vea.
997 3787 1050 3837 lect.
1073 3774 1124 3834 cll

108 3870 134 3919 p.
154 3856 201 3906 361
219 3856 223 3921 Ι
241 3858 271 3906 15
290 3853 417 3906 describat
435 3869 451 3903 o
469 3853 596 3906 describet
614 3856 649 3920 (o)
665 3860 669 3919 Ι
686 3855 718 3906 20
736 3853 957 3906 Nomentanumue
