2474 4440
114 267 175 324 198
458 264 688 318 EPISTULARUM
707 266 716 316 l
736 269 776 321 11.
797 268 835 321 12.

198 440 322 519 Zmyrna
345 437 415 517 quid
439 449 467 497 et
490 435 667 516 Colophon?
691 439 799 499 maiora
822 439 978 499 minorane
1003 438 1102 501 lama?

198 525 350 585 Cunctane
371 541 442 601 prae
465 523 575 600 Campo
598 533 627 581 et
650 522 791 583 Tiberino
814 523 937 584 flumine
960 523 1107 588 sordent?

124 620 139 669 t
196 611 240 670 An
264 609 396 670 venitin
419 617 519 667 votum
543 607 673 668 Attalicis
696 625 730 667 ex
753 607 876 669 urbibus
898 607 980 669 una?
1012 680 1014 684 ¹

195 696 239 754 An
264 692 415 755 Lebedum
438 692 538 753 laudas
561 692 628 752 odio
651 693 740 754 maris
762 703 850 772 atque
872 693 1008 755 viarum?

192 771 280 854 ‘Scis
302 778 439 839 Lebedus
461 778 531 856 quid
555 775 614 838 sit?
652 778 752 838 Gabiis
773 778 918 839 desertior
939 792 1029 859 atque

196 863 315 924 Fidenis
338 863 434 935 vicus;
457 872 553 923 tamen
577 862 635 922 illic
659 863 752 923 vivere
775 864 889 936 vellem,

196 949 371 1027 Oblitusque
393 965 528 1007 meorum
552 947 769 1008 obliviscendus
791 959 819 1009 et
841 948 898 1009 illis

197 1035 368 1114 Neptunum
390 1032 496 1112 procul
519 1051 535 1093 e
557 1040 636 1093 terra
658 1043 792 1112 spectare
814 1027 982 1095 furentem?

196 1119 254 1180 Sed
278 1137 385 1196 neque,
409 1118 459 1196 qui
483 1117 581 1196 Capua
604 1117 728 1178 Romam
750 1119 832 1197 petit,
856 1119 951 1180 imbre
975 1121 1097 1200 lutoque

195 1205 361 1284 Adspersus
382 1203 461 1263 volet
483 1203 512 1263 in
537 1221 669 1281 caupona
693 1203 802 1278 vivere;
826 1222 882 1264 nec
905 1206 955 1283 qui

195 1288 301 1367 Frigus
322 1288 449 1365 collegit,
473 1288 579 1348 furnos
601 1298 631 1348 et
653 1287 757 1350 balnea
779 1288 877 1349 laudat

194 1375 233 1435 Ut
254 1376 435 1435 fortunatam
457 1373 545 1452 plene
567 1374 744 1452 praestantia
767 1374 872 1448 vitam;

195 1459 266 1532 Nec,
289 1460 313 1520 si
336 1468 365 1519 te
387 1458 498 1519 validus
520 1458 667 1518 iactaverit
688 1460 796 1519 Auster
817 1460 848 1520 in
871 1460 940 1532 alto,

195 1544 309 1604 Idcirco
333 1562 436 1605 navem
459 1552 541 1604 trans
563 1545 710 1623 Aegaeum
733 1562 814 1605 mare
835 1544 954 1606 vendas.

195 1629 339 1690 Incolumi
362 1629 482 1690 Rhodos
504 1640 534 1688 et
556 1628 696 1709 Mytilene
718 1629 840 1708 pulchra
863 1630 942 1704 facit,
967 1634 1047 1711 quod

193 1715 323 1775 Paenula
345 1714 480 1786 solstitio,
504 1725 667 1794 campestre
692 1714 835 1776 nivalibus
857 1715 945 1788 auris,

193 1800 250 1860 Per
272 1800 407 1860 brumam
430 1798 555 1873 Tiberis,
578 1799 680 1859 Sextili
703 1817 806 1860 meuse
829 1801 973 1862 caminus.

192 1885 268 1946 Dum
290 1885 359 1945 licet
380 1902 413 1944 ac
435 1884 546 1944 voltum
568 1893 663 1945 servat
685 1883 816 1946 Fortuna
840 1885 1012 1964 benignum,

192 1969 303 2030 Romae
324 1969 462 2030 laudetur
485 1969 587 2030 Samos
610 1979 640 2029 et
662 1969 750 2031 Chios
773 1981 802 2031 et
824 1970 945 2032 Rhodos
967 1973 1085 2035 absens.
1107 2008 1149 2020 -

192 2054 237 2114 Tu
261 2072 478 2133 quamcumque
500 2054 572 2115 deus
595 2054 648 2114 tibi
670 2056 867 2116 fortunaverit
888 2056 993 2118 boram

193 2139 280 2200 Grata
304 2157 388 2200 sume
411 2157 501 2199 manu
525 2158 583 2200 neu
606 2139 702 2201 dulcia
725 2141 810 2201 diller
833 2141 862 2201 in
886 2159 1011 2217 annum,

192 2224 230 2284 Ut
253 2242 441 2302 quocumque
464 2224 530 2284 loco
553 2225 643 2285 fueris
665 2226 771 2287 vixisse
793 2226 921 2286 libenter

192 2309 233 2368 Te
257 2309 351 2381 dicas;
375 2327 441 2369 nam
467 2309 490 2369 si
513 2310 587 2370 ratio
610 2319 638 2370 et
660 2311 816 2389 prudentia
839 2329 934 2386 ouras,

192 2393 258 2454 Non
282 2394 365 2455 locus
388 2394 473 2454 effusi
496 2393 552 2454 late
575 2395 664 2456 maris
687 2396 796 2456 arbiter
818 2398 922 2468 aufert,

190 2478 319 2552 Caelum,
343 2498 404 2539 non
426 2479 555 2539 animum
577 2488 702 2554 mutant,
725 2482 776 2559 qui
791 2490 969 2542 transmare
984 2493 1118 2544 currunt.
1135 2517 1149 2527 -

190 2564 316 2626 Strenua
340 2583 395 2625 nos
417 2575 536 2624 exercet
557 2565 672 2636 inertia,
695 2567 818 2627 navibus
840 2576 928 2645 atque

190 2648 347 2728 Quadrigis
368 2649 496 2728 petimus
518 2649 595 2710 bene
617 2651 722 2711 vivere.
766 2652 852 2724 Quod
875 2652 962 2730 petis,
986 2653 1035 2714 bic
1058 2663 1107 2724 est,

190 2734 242 2796 Est
263 2734 393 2807 Ulubris,
416 2735 531 2796 animus
553 2736 577 2796 si
599 2745 628 2795 te
652 2755 712 2796 non
736 2737 833 2798 deficit
855 2756 977 2816 aequus.

608 2989 661 3049 Xll

187 3106 346 3168 Fructibus
367 3108 514 3186 Agrippae
538 3109 653 3182 Siculis,
676 3128 752 3188 quos
774 3110 896 3188 colligis,
920 3109 988 3184 lcci,

188 3192 218 3252 Si
241 3202 321 3252 recte
344 3193 462 3265 frueris,
486 3212 547 3254 non
571 3202 669 3256 estut
692 3195 776 3273 copia
798 3195 891 3254 maior

187 3277 231 3336 Ab
254 3277 321 3336 love
343 3277 448 3337 donari
471 3279 565 3356 possit
586 3279 654 3354 tibi;
678 3278 748 3341 tolle
772 3280 932 3357 querellas:

187 3361 303 3442 Pauper
325 3362 404 3422 enim
428 3382 488 3423 non
513 3373 566 3436 est,
590 3364 637 3425 cui
660 3382 759 3425 rerum
782 3365 912 3444 suppetit
934 3384 1015 3426 usus.

114 3456 129 3506 o
189 3447 219 3507 Si
241 3448 337 3508 ventri
360 3447 447 3522 bene,
469 3449 494 3509 si
516 3447 600 3509 lateri
623 3462 666 3511 est
688 3449 872 3530 pedibusque
894 3450 962 3524 tuis,
986 3451 1027 3511 nil

188 3680 220 3735 Xl
237 3699 262 3736 e.
280 3684 454 3747 minorans]
467 3684 520 3746 (ult
538 3683 636 3734 Boutt:
655 3683 786 3736 minoraue
805 3701 820 3734 o
837 3685 989 3752 minoraque
1001 3687 1037 3751 (u)
1053 3687 1056 3750 ῑ
1072 3689 1149 3738 tcum

148 3763 181 3801 ua
197 3751 201 3814 Ι
223 3755 305 3804 t-tu
324 3756 398 3801 iuter
415 3752 557 3801 Horatium
574 3755 601 3801 et
616 3752 766 3803 Bullatium
784 3770 818 3804 erc
835 3757 907 3804 netto
924 3754 1046 3805 codicum
1065 3754 1149 3805 Bloud

186 3832 212 3867 m
230 3819 354 3886 dispertit
370 3819 517 3885 Cmqutuo,
535 3819 653 3870 Bullatio
674 3827 819 3885 praecunte
838 3822 918 3888 glore.
937 3824 965 3872 Γ
979 3825 1012 3873 ab
1033 3822 1079 3874 ott
1092 3824 1108 3873 l.
1127 3829 1149 3874 tr

12 3899 34 3928 e·
212 3888 268 3950 attt,
292 3905 315 3940 v.
335 3890 350 3940 8
376 3888 440 3938 inde
462 3905 478 3937 a
497 3903 552 3938 voe.
569 3882 747 3941 ‘lamed-lb
765 3891 849 3941 cidem
867 3893 991 3955 congruat
1008 3891 1068 3942 H-t>
1081 3907 1149 3942 metor

172 3952 225 4016 Ι14,
243 3957 292 4009 309
307 3956 312 4026 Ι
330 3959 359 4007 10
379 3971 410 4008 ex
429 3964 495 4008 terra
511 3957 515 4023 Ι
531 3957 563 4007 24
581 3958 619 4018 ut]
638 3959 719 4021 tu(=
732 3957 781 4021 Bt)
