2474 4440
453 241 679 294 SATlRARUM'iI
698 247 720 296 l.

133 411 236 474 Castor
257 415 365 493 gaudet
387 415 480 492 equis,
504 433 558 474 ovo
583 427 745 493 prognatus
768 417 872 477 eodem

132 498 259 576 Pugnis;
283 508 356 578 quot
377 501 505 579 capitum
529 500 638 566 vivunt,
662 501 782 561 totidem
805 502 969 562 studiorum

131 584 224 644 uitia:
248 602 296 643 me
319 583 444 663 pedibus
466 585 590 645 deiectat
614 585 749 646 claudere
771 587 860 646 verba

131 669 226 729 Lucili
249 670 318 742 ritu,
342 679 476 730 nostrum
499 670 630 730 melioris
653 679 789 749 utroque.

133 753 183 814 Ille
205 755 286 815 velut
308 755 373 815 fidis
396 771 500 815 arcana
523 754 672 816 sodalibus
695 756 763 815 olim
1090 768 1118 818 ³0

133 839 278 900 Credebat
301 839 392 913 libris,
415 859 514 918 neque
536 841 559 900 si
584 840 657 900 male
680 851 808 902 cesserat
828 859 951 919 usquam

133 924 301 985 Decurrens
324 925 390 998 alio,
414 944 512 1003 neque
534 925 556 985 si
580 925 671 985 bene:
696 945 756 1004 qno
779 927 820 998 fit,
845 937 876 986 ut
900 927 995 988 omnis

133 1009 235 1070 Votiva
258 1019 356 1088 pateat
378 1010 467 1070 veluti
490 1010 634 1089 descripta
658 1011 762 1071 tabella

133 1094 197 1155 Vita
220 1095 308 1156 senis.
354 1095 471 1174 Sequor
493 1096 583 1166 hunc,
608 1095 744 1157 Lvrcanus
766 1115 802 1156 an
827 1097 948 1175 Apulus,
972 1116 1096 1177 anceps;

133 1179 207 1239 Nam
230 1179 399 1242 Venusinus
422 1189 484 1239 arat
507 1181 595 1240 tinem
618 1181 673 1241 sub
696 1190 855 1259 utrumque
878 1182 1012 1257 colonus,
1090 1193 1119 1243 aa

133 1264 240 1325 Missus
262 1265 296 1325 ad
320 1266 377 1325 hoc
400 1265 501 1344 pulsis,
524 1274 607 1327 vetus
630 1275 728 1326 estut
751 1268 835 1338 tama,
860 1267 991 1337 Sabellis,

134 1349 198 1419 Quo
223 1369 261 1410 ue
284 1367 338 1428 per
361 1368 483 1410 vacuum
506 1350 640 1411 Romano
663 1352 829 1412 incurreret
852 1353 952 1425 hostis,

135 1435 200 1496 Sive
224 1436 303 1514 quod
326 1436 419 1515 Apula
443 1454 516 1514 gens
537 1456 589 1497 seu
614 1436 692 1515 quod
717 1437 845 1498 Lucania
869 1436 977 1497 betium

136 1519 287 1581 iucuteret
308 1521 444 1582 violenta.
490 1521 547 1582 Sed
571 1522 618 1582 hic
641 1522 724 1582 stilus
747 1522 824 1582 haud
847 1531 928 1600 petet
949 1524 1027 1583 ultro

136 1606 320 1684 Quemquam
344 1607 521 1666 animantem
544 1616 573 1666 et
595 1625 641 1666 me
665 1608 753 1666 veluti
776 1608 921 1668 custodiet
942 1608 1021 1670 ensis
1090 1618 1120 1668 td

137 1691 246 1770 Vagina
269 1701 382 1765 tectus3
407 1709 494 1770 quem
518 1710 572 1753 cnr
594 1693 778 1770 destringere
802 1710 894 1752 coner

136 1775 229 1837 Tutus
251 1775 288 1836 ab
311 1777 426 1837 infestis
450 1775 634 1837 latronibus?
680 1776 703 1836 0
728 1788 811 1856 pater
834 1787 863 1837 et
886 1795 938 1837 rex

134 1861 277 1941 luppiter,
300 1870 333 1920 ut
354 1870 456 1940 pereat
479 1863 608 1940 positum
632 1861 768 1942 robigine
790 1862 881 1922 telum

134 1946 195 2007 Nec
218 1946 373 2024 quisquam
397 1959 504 2008 noceat
526 1948 634 2026 cupido
657 1949 727 2008 mihi
752 1947 847 2028 pacisi
872 1956 901 2007 at
915 1946 981 2018 ille,

136 2031 192 2102 Qui
215 2049 263 2090 me
287 2033 443 2093 commorit
469 2070 482 2080 -
504 2033 608 2093 melius
632 2052 691 2094 non
716 2044 836 2111 tangere
859 2034 951 2093 clamo
975 2064 998 2106 -,
1090 2041 1118 2093 to

136 2116 230 2177 Flebit
253 2124 282 2176 et
305 2117 431 2197 insignis
454 2126 514 2178 tota
537 2118 706 2178 cantabitur
727 2120 810 2179 urbe.
833 2153 874 2163 -

136 2201 256 2263 Cervius
277 2201 369 2263 iratus
391 2203 470 2282 leges
491 2203 644 2264 minitatur
667 2214 696 2266 et
717 2222 832 2276 urnam,

137 2286 256 2348 Canidia
279 2287 384 2347 Albuci
407 2288 514 2366 quibus
537 2298 580 2349 est
603 2289 720 2350 inimica
743 2307 900 2360 venenum,

137 2371 254 2432 Grande
276 2372 385 2432 malum
409 2373 525 2444 Turius,
548 2374 644 2451 siquid
667 2393 698 2435 se
722 2375 817 2435 iudice
840 2384 950 2434 certes:

138 2456 173 2517 Ut
196 2475 256 2537 quo
279 2458 403 2535 quisque
425 2459 500 2518 vaiet
521 2467 674 2537 suspectos
696 2470 804 2520 terreat
828 2467 918 2536 utque
1091 2467 1120 2520 50

137 2541 265 2621 Imperet
288 2543 344 2602 huc
369 2553 471 2603 natura
496 2553 611 2622 potens,
635 2544 677 2604 sic
699 2545 803 2622 collige
827 2561 951 2604 mecum.

139 2627 230 2688 Dente
254 2627 351 2706 lupus,
375 2646 470 2689 cornu
492 2638 594 2689 taurus
617 2629 704 2708 petit:
728 2629 816 2700 unde,
840 2629 897 2688 nisi
920 2629 1000 2690 intus

137 2710 354 2773 Monstratumi
399 2714 523 2774 Scaevae
545 2715 670 2774 vivacem
694 2715 780 2773 crede
804 2713 906 2792 nepoti

138 2798 277 2870 Matrem;
300 2798 342 2858 nil
364 2799 449 2859 faciet
472 2799 592 2860 sceleris
614 2800 661 2877 pia
684 2799 801 2859 vlextera
823 2831 836 2842 -
859 2798 977 2870 mirum,

139 2883 175 2944 Ut
190 2901 289 2960 neque
301 2884 380 2943 calce
396 2883 484 2963 lupus
495 2902 673 2962 quemqnam
687 2902 784 2961 neque
796 2885 884 2944 dente
896 2883 969 2961 petit
981 2882 1035 2944 bos
1047 2915 1070 2956 -‚
1091 2891 1120 2942 tt

139 2968 193 3028 Sed
216 2969 291 3028 mala
313 2968 396 3029 tollet
417 2987 507 3029 anum
530 2969 627 3030 vitiato
650 2969 736 3028 melle
759 2968 862 3029 cicuta.

137 3052 179 3114 Ne
201 3055 324 3133 longum
347 3055 465 3114 daciam:
488 3073 539 3115 seu
563 3073 609 3114 me
631 3054 789 3132 tranquilla
811 3063 947 3115 senectus

138 3137 295 3217 Exspectat
316 3157 368 3200 seu
391 3158 471 3200 mors
493 3140 562 3200 atris
586 3140 776 3207 circumvolat
797 3140 858 3211 aiis,

139 3223 231 3294 Dives,
255 3224 351 3303 inops,
374 3225 484 3284 Romae
507 3243 559 3284 sen
582 3225 703 3285 forsita
727 3225 845 3286 iusserit
866 3223 956 3297 exsul,

141 3308 281 3387 Quisquis
304 3310 361 3369 erit
383 3311 457 3369 vitae
480 3309 607 3369 scribam
630 3301 729 3370 colori
766 3304 805 3371 ‘0
829 3329 911 3389 puer,
935 3318 967 3369 ut
989 3309 1029 3371 sis
1092 3318 1121 3368 60

140 3393 238 3455 vitalis
260 3403 360 3455 metuo
383 3404 412 3454 et
435 3395 578 3455 maiorum
602 3395 707 3473 nequis
730 3396 841 3456 amicus

140 3477 261 3557 Frigore
284 3488 313 3539 te
336 3470 436 3539 feriat?
473 3473 587 3550 ‘Ouidi
610 3498 675 3540 cum
699 3490 744 3541 est
766 3481 896 3541 Lucilius
917 3498 1005 3540 ausus

142 3562 256 3625 Primus
278 3564 308 3624 in
332 3565 413 3625 hunc
436 3565 534 3643 operis
558 3583 738 3643 componere
762 3567 889 3626 carmina
912 3582 1035 3637 morem,

143 3647 299 3710 Detrahere
324 3659 353 3709 et
375 3650 489 3729 pellem,
516 3649 624 3710 nitidus
648 3668 703 3727 qua
727 3652 852 3729 quisque
875 3668 927 3730 per
951 3667 1000 3709 ora

83 3771 254 3794 χ...-

143 3864 189 3919 Ιυ.
212 3869 241 3919 31
270 3874 380 3918 cesserat
418 3868 463 3931 (otz
491 3874 604 3933 gesserat
631 3868 634 3932 Ι
661 3870 863 3934 umte.un)quam
891 3869 925 3931 (o)
950 3867 955 3930 Ι
983 3869 1014 3920 49
1041 3866 1121 3934 siquis

83 3929 131 3983 tsi
148 3935 364 4000 quis)...eertet
400 3938 432 3988 55
451 3937 642 4001 poenituros
661 3935 726 3986 male

466 4155 472 4193 i
