2474 4440
170 211 238 272 234
550 211 592 263 DE
609 212 697 264 ARTE
714 211 860 265 Pontico.

259 385 317 456 Qui
339 393 483 445 canerent
504 394 685 463 agerentque
707 385 844 462 peruncti
867 385 998 446 laecibus
1021 405 1085 447 ora.

258 471 328 531 Post
351 470 431 530 hunc
453 487 597 548 personae
619 468 774 548 pallaeque
794 478 929 549 repertor
951 471 1095 532 honestae

259 554 418 635 Aeschylus
441 564 470 614 et
492 555 623 615 modicis
638 555 771 615 instravit
792 555 906 633 pulpita
928 554 1017 634 tignis

172 655 217 707 aad
259 639 296 699 Et
319 640 419 700 docuit
440 656 639 718 magnumque
662 639 747 717 loqui
765 639 879 718 nitique
901 642 1064 701 cothurno..

260 724 408 785 Successit
429 733 512 784 vetus
533 724 579 786 his
600 724 761 796 comoedia,
785 743 846 784 non
870 724 934 786 sine
956 727 1047 786 multa
1138 762 1140 769 ν

259 809 373 884 Laude;
396 809 447 870 sed
470 810 506 868 in·
525 809 625 870 vitium
647 808 767 870 libertas
789 809 897 870 excidit
918 818 949 870 et
970 810 1049 871 rim:

260 894 385 972 Dignam
409 894 476 971 lege
497 895 574 973 regi3
596 892 642 954 lex
665 904 712 955 est
729 904 848 973 accepta
871 895 1041 974 chorusque

258 979 397 1057 Turpiter
419 977 678 1040 obticuitsublato
700 979 764 1039 iure
786 979 924 1045 nocendi,
952 1032 955 1037 .
1047 1015 1050 1021 ·

172 1080 215 1131 aaa
257 1063 305 1124 Nil
326 1063 530 1142 intemptatum
554 1064 648 1125 nostri
670 1064 782 1141 liquere
801 1074 918 1143 poetae,
972 1094 975 1121 a
1006 1112 1030 1120 A
1134 1084 1135 1091 ¹

258 1150 320 1211 Nec
341 1150 500 1211 minimum.
519 1148 766 1210 merueredacus
787 1150 908 1228 vestigia
930 1149 1041 1212 Graeca

258 1236 328 1297 Ausi
351 1236 488 1296 deserere
509 1243 539 1294 et
560 1233 710 1295 celebrare
731 1234 891 1296 domestica
911 1235 998 1308 lacta,
1064 1262 1067 1290 2
1096 1262 1098 1267 ·

258 1321 310 1382 Vel
333 1320 384 1400 qni
405 1328 571 1400 praetextas
591 1319 636 1380 vel
658 1319 709 1397 qui
733 1319 860 1380 docuere
882 1328 1004 1399 togatas.
1059 1366 1061 1375 .
1097 1370 1100 1376 .

259 1406 319 1467 Nec
342 1406 454 1467 virtute
471 1406 549 1465 foret
571 1405 693 1465 clarisve
714 1404 868 1482 potentius
890 1406 978 1467 armis
1021 1440 1023 1445 s

260 1490 354 1561 Quam
378 1492 488 1569 lingua,
510 1490 635 1561 Latium,
658 1490 683 1551 si
705 1508 767 1550 non
792 1489 957 1550 offenderet
978 1508 1072 1551 unum
1136 1532 1137 1538 κ

260 1576 415 1654 Quemque
437 1583 592 1655 poetarum
615 1575 701 1635 limae
725 1573 809 1635 labor
826 1584 859 1637 et
880 1593 971 1635 mora.
1008 1575 1078 1649 Vos,
1098 1594 1118 1636 o

260 1660 423 1741 Pompilius
444 1661 574 1738 sanguis,
597 1677 717 1721 carmen
733 1661 958 1738 reprehendite,
981 1661 1059 1739 quod
1084 1679 1145 1721 non

259 1745 348 1807 Multa
371 1746 433 1808 dies
455 1755 484 1807 et
505 1746 594 1805 multa
618 1745 704 1806 litura
727 1745 860 1806 coercuit
880 1753 969 1824 atque

259 1831 448 1892 Praesectum
471 1831 590 1891 deciens
613 1848 673 1890 non
697 1829 846 1908 castigavit
868 1831 903 1890 ad
926 1848 1065 1909 unguem.
1089 1863 1131 1877 -

203 1930 213 1942 '
260 1916 417 1996 Ingenium
440 1917 546 1977 misera
569 1915 636 1993 quia
659 1915 837 1976 fortunatius
858 1923 921 1976 arte
973 1963 975 1968 .

261 2001 360 2062 Credit
382 2011 410 2062 et
432 2000 561 2062 excludit
581 2018 669 2061 sanos
691 1999 834 2060 helicone
856 2010 959 2078 poetas
1046 2032 1059 2052 ι

259 2087 452 2159 Democritus,
475 2085 553 2146 bona
575 2103 644 2163 pars
666 2103 726 2146 non
751 2085 860 2162 unguis
881 2103 995 2164 ponere
1008 2093 1112 2157 curat,

260 2171 326 2232 Non
350 2171 482 2244 barbam,
505 2177 618 2231 secreta
633 2170 716 2248 petit
735 2170 810 2244 loca,-
832 2169 937 2231 balnea
960 2169 1057 2229 vitate

260 2256 457 2317 Nanciscetur
475 2255 555 2316 enim
577 2254 705 2333 pretium
730 2273 898 2333 nomenque
920 2263 1036 2334 poetae,

262 2341 292 2403 si
314 2341 409 2403 tribus
430 2340 579 2420 Anticyris
601 2348 690 2418 caput
712 2339 875 2401 insanabile
898 2355 1061 2417 numquam

260 2426 389 2488 Tonsori
412 2426 516 2487 Licino
539 2423 720 2485 conmiserit.
766 2424 789 2485 0
814 2442 869 2504 ego
892 2424 999 2497 laevus,
1059 2450 1080 2479 .>

261 2511 319 2582 Qui
340 2530 452 2590 purgor
474 2509 563 2570 bilem
586 2509 642 2570 sub
665 2509 746 2569 verni
768 2509 910 2588 temporis
931 2507 1052 2570 boraml
1092 2546 1095 2564 2

260 2597 326 2657 Non
349 2597 423 2658 alins
445 2597 555 2657 laceret
577 2595 697 2655 meliora
719 2605 870 2674 poemata3
892 2612 993 2655 rarum

260 2681 305 2742 Nil
328 2682 401 2742 tanti
423 2690 496 2743 est·
520 2680 600 2759 Ergo
622 2681 731 2758 lungar
751 2680 813 2740 vice
835 2680 918 2753 cotis,
941 2687 1059 2739 acutum
1094 2715 1095 2719 =

259 2767 392 2827 Reddere
415 2784 490 2845 quae
512 2767 623 2826 serrum
647 2765 722 2844 valet
744 2782 845 2826 exsors
866 2765 929 2844 ipsa
952 2762 1089 2825 secandi:
1108 2808 1111 2815 .

259 2851 368 2912 Munus
390 2860 419 2912 et
442 2851 582 2922 officium,
605 2849 647 2909 nil
669 2848 804 2911 scribens
826 2849 899 2928 ipse,
922 2848 1045 2920 docebo,
1131 2894 1133 2899 .

261 2936 345 2997 Unde
368 2945 511 3015 parantur
534 2953 615 3014 opes,
638 2933 708 3012 quid
731 2934 789 2994 alat
808 2935 977 3012 formetque
1000 2940 1130 3011 poetam,

260 3021 336 3092 Ouid
360 3023 471 3093 deceat,
494 3021 563 3099 quid
587 3038 659 3093 non,
682 3037 742 3098 quo
763 3020 864 3092 virtus,
888 3037 947 3098 qno
970 3019 1044 3078 leret
1067 3035 1164 3078 error.
1192 3051 1228 3062 -

261 3106 417 3167 Scribendi
440 3115 644 3184 rectesapere
667 3114 712 3165 est
733 3116 763 3165 et
784 3104 963 3183 principium
988 3103 1118 3164 etlons.

262 3191 334 3252 Rem
358 3190 411 3252 tibi
434 3191 601 3252 Socraticae
624 3197 768 3268 poterunt
786 3191 947 3250 >ostendere
969 3188 1098 3259 chartae,

260 3275 414 3355 Verbaque
436 3277 582 3355 provisam
605 3291 753 3335 remmon
776 3274 865 3334 inrita
888 3281 1061 3352 sequentur.

260 3361 318 3432 Qui
340 3360 449 3436 didicit,
472 3361 582 3439 patriae
605 3358 673 3438 quid
697 3358 803 3420 debeat
824 3367 854 3419 et
876 3358 945 3438 quid
967 3357 1079 3429 amicis,
1143 3410 1145 3417 ,

260 3446 326 3517 Quo
349 3445 387 3507 sit
407 3464 508 3507 amore
529 3463 646 3524 parens,
670 3462 729 3522 quo
752 3445 843 3504 lrater
864 3442 1006 3504 amandus
1027 3450 1058 3502 et
1079 3441 1203 3522 hospes,

260 3530 347 3601 Quod
369 3530 406 3591 sit
427 3531 596 3609 conscripti,
620 3529 700 3606 quod
722 3528 826 3590 indicis
847 3529 987 3600 officium,
1011 3545 1087 3605 quae

171 3624 217 3675 315
259 3616 359 3678 Partes
381 3616 411 3676 in
435 3615 545 3676 ballum
567 3613 647 3676 missi
670 3613 762 3687 ducis,
784 3613 838 3676 itte,
854 3616 988 3693 prolecto

259 3851 283 3888 o.
303 3837 351 3887 ttt
371 3833 429 3898 out]
447 3834 547 3885 Bouttz
565 3847 631 3900 quae
645 3830 651 3898 Ι
666 3835 719 3895 ora]
733 3831 794 3884 atris
809 3831 813 3898 Ι
829 3833 879 3884 294
890 3832 1060 3898 praesectum]
1079 3853 1115 3874 a
1127 3831 1181 3883 13⁶:
1199 3845 1228 3899 pt

173 3902 269 3956 lectum
284 3905 289 3973 Ι
304 3905 353 3957 308
372 3904 464 3955 doceat

72 4048 171 4180 ἱ
