2474 4440
20 319 21 322 Ἴ
110 242 172 300 214
374 255 377 260 ·
483 241 713 294 EPISTULARUM
733 241 753 293 ll
772 246 830 296 1..

196 415 347 476 Interdum
369 415 472 492 volgus
494 424 607 476 rectum
630 415 717 486 videt,
741 423 784 476 est
806 415 857 475 ubi
879 424 994 494 peccat.

196 500 227 560 Si
248 510 363 562 veteres
384 501 422 559 ita
444 500 569 560 miratur
589 500 746 579 laudatque
768 510 881 580 poetas,

122 597 151 646 65
194 585 234 645 Ut
256 585 502 655 nihilantelerat,
526 585 598 645 nihil
620 585 676 646 illis
701 595 860 664 comparet,
884 594 978 660 errat;

198 669 229 729 Si
252 672 394 749 quaedam
417 670 505 730 nimis
526 671 656 748 antique,
679 671 703 730 si
725 671 866 751 pleraque
889 672 962 732 dure

197 755 300 816 Dicere
323 756 415 816 credit
437 774 497 827 eos,
520 754 624 833 ignave
646 755 736 815 multa
758 757 875 828 fatetur,

197 839 235 900 Et
256 842 332 920 sapit
353 850 383 901 et
404 857 520 900 meeum
544 840 613 901 iacit
636 848 666 900 et
687 839 754 899 love
777 840 886 900 indicat
907 857 1013 918 aequo.

197 924 262 986 Non
286 925 422 1002 equidem
445 925 576 984 insector
597 923 755 985 delendave
778 926 907 985 carmina
930 925 993 984 Livi

124 1021 153 1070 το
197 1009 271 1073 Esse
293 1029 371 1082 reor,
394 1009 515 1080 memini
539 1028 613 1088 quae
636 1009 788 1088 plagosum
811 1010 883 1070 mihi
905 1027 996 1089 parvo

198 1095 343 1156 Orbilium
367 1095 485 1167 dictare,
508 1094 559 1155 sed
583 1094 735 1155 emendata
757 1095 848 1155 videri

200 1180 386 1257 Pulchraque
408 1189 436 1239 et
460 1180 567 1240 exactis
590 1180 743 1240 minimum
768 1180 903 1241 distantia
926 1180 1029 1241 miror.

200 1264 282 1326 luter
304 1283 378 1343 quae
400 1265 522 1325 verbum
546 1265 667 1325 emicuit
688 1265 712 1325 si
735 1266 813 1325 forte
836 1264 988 1336 decorum,

198 1351 230 1411 Si
251 1369 353 1412 versus
375 1350 473 1429 paullo
497 1351 675 1410 concinnior
696 1368 776 1410 unus
797 1360 827 1411 et
849 1351 931 1428 alter,

124 1446 153 1497 u
201 1434 313 1497 lniuste
335 1444 428 1497 totum
452 1435 533 1495 ducit
554 1436 712 1514 venditque
734 1454 852 1514 poema,

200 1520 344 1600 Indignor
365 1521 521 1599 quicquam
545 1520 732 1599 reprehendi,
757 1540 816 1581 non
842 1522 910 1600 quia
933 1538 1032 1581 crasse

199 1606 399 1686 Compositum
422 1605 585 1684 inlepideve
608 1615 738 1684 putetur,
761 1606 811 1666 sed
835 1608 902 1685 quia
926 1625 1033 1685 nuper,

199 1691 261 1753 Neo
282 1693 397 1753 veniam
420 1690 558 1767 antiquis,
581 1690 631 1751 sed
655 1691 798 1750 honorem
823 1702 853 1751 et
873 1692 1003 1771 praemia
1030 1693 1123 1771 posci.

197 1776 288 1838 Recte
312 1795 406 1837 necne
429 1794 550 1836 crocum
572 1776 718 1853 floresque
741 1776 926 1855 perambulet
948 1777 1033 1838 Attae

123 1870 152 1920 8⁰
186 1861 309 1948 ³Fabula
331 1862 355 1922 si
379 1862 519 1927 dubitem,
542 1860 670 1920 clament
691 1862 804 1939 perisse
825 1863 969 1941 pudorem

197 1946 302 2008 Cuncti
323 1964 419 2026 paene
441 1955 549 2024 patres,
572 1963 693 2005 eanum
717 1947 937 2025 reprehendere
964 1965 1068 2017 coner,

198 2031 280 2102 Quae
302 2032 398 2109 gravis
420 2033 561 2109 Aesopus,
585 2048 659 2108 quae
682 2030 787 2092 doctus
809 2032 933 2092 Roscius
956 2032 1025 2110 egit,

198 2116 251 2178 Vel
265 2117 341 2193 ‘quia
364 2116 405 2176 nil
428 2124 552 2187 rectum,
576 2115 631 2175 nisi
655 2116 734 2194 quod
756 2117 867 2196 placuit
889 2117 953 2189 sibi,
977 2116 1104 2188 ducunt,

172 2202 173 2205 ’
200 2201 251 2261 Vel
274 2203 341 2281 quia
363 2210 450 2278 turpe
472 2208 578 2279 putant
600 2219 704 2279 parere
728 2202 893 2263 minoribus
916 2211 946 2262 et
969 2218 1044 2280 quae

123 2293 153 2345 85
197 2284 340 2347 lnberbes
362 2285 489 2345 didicere
511 2304 597 2345 senes
620 2286 769 2364 perdenda
792 2288 885 2347 fateri.

198 2370 259 2431 lam
282 2371 392 2431 Saliare
412 2370 526 2431 Numae
548 2389 666 2431 carmen
692 2373 743 2450 qui
765 2372 862 2432 laudat
884 2382 912 2432 et
933 2370 1016 2444 illud,

197 2455 284 2526 Quod
306 2475 420 2516 mecum
444 2456 570 2535 ignorat,
592 2457 673 2517 solus
694 2457 753 2516 volt
774 2457 851 2518 scire
871 2457 973 2527 videri,

197 2540 328 2620 lngeniis
351 2561 411 2602 non
435 2542 483 2601 ille
506 2543 581 2601 lavet
603 2542 773 2621 plauditque
795 2542 926 2621 sepultis,

182 2626 304 2688 Nostra
326 2627 377 2689 sed
399 2627 562 2705 impugnat,
586 2646 642 2688 nos
666 2638 825 2704 nostraque
848 2627 951 2688 lividus
975 2627 1046 2688 odit.

124 2722 154 2772 90
199 2713 285 2784 Quod
309 2714 413 2774 sitam
437 2713 555 2773 Graecis
579 2713 692 2773 novitas
715 2713 807 2773 invisa
830 2714 933 2773 luisset

198 2797 293 2868 Quam
316 2799 412 2870 nobis,
436 2797 507 2877 quid
531 2815 612 2857 nune
635 2806 712 2858 esset
733 2795 840 2859 vetus?
861 2808 913 2857 ant
934 2797 1003 2875 quid
1027 2797 1134 2859 habere

200 2883 286 2954 Quod
308 2884 420 2960 legeret
440 2893 610 2960 tereretque
632 2883 740 2942 viritim
763 2882 900 2961 publicus
922 2880 1015 2944 usus?
1038 2911 1080 2927 -

198 2969 236 3029 Ut
257 2970 386 3049 primum
409 2970 511 3049 positis
535 2968 640 3046 nugari
663 2967 785 3028 Graecia
807 2968 891 3028 bellis

197 3051 300 3134 Coepit
322 3063 351 3114 et
373 3055 403 3115 in
425 3055 526 3113 vitium
550 3054 669 3113 fortuna
692 3053 784 3113 labier
805 3071 907 3132 aequa,

124 3148 152 3199 95
197 3139 284 3201 Nunc
307 3141 480 3200 athletarum
503 3138 616 3206 studiis,
640 3157 721 3199 nunc
743 3139 814 3199 arsit
836 3155 990 3217 equorum,

198 3225 351 3286 llarmoris
373 3233 423 3285 aut
445 3224 543 3285 eboris
565 3222 666 3283 fabros
688 3233 739 3283 aut
759 3225 836 3284 aeris
858 3223 971 3295 amarit,

199 3309 359 3389 Suspendit
381 3311 458 3388 picta
480 3308 591 3369 voltum
613 3319 803 3387 mentemque
825 3308 940 3376 tabella,

198 3393 285 3455 Nunc
307 3394 487 3463 tibicinibus,
511 3413 592 3453 nunc
616 3403 660 3454 est
681 3394 776 3471 gavisa
799 3394 964 3472 tragoedis3

199 3479 261 3539 Sub
285 3480 400 3539 nutrice
422 3479 519 3558 puella
541 3478 621 3537 velut
643 3479 667 3540 si
689 3478 805 3539 luderet
827 3479 934 3550 insano,

114 3574 155 3624 100
199 3564 288 3635 Quod
311 3564 417 3644 cupide
439 3564 533 3643 petiit,
556 3572 670 3624 mature
692 3563 779 3642 plena
802 3563 931 3642 reliquit.
984 3609 986 3612 .
1050 3557 1053 3566 ’

199 3799 249 3851 lv.
269 3804 300 3850 'll
320 3797 551 3866 inlepideque185
570 3799 677 3849 imberbi
698 3799 832 3864 Cruquier
853 3799 925 3858 (nant
945 3798 1038 3848 lemma
1057 3807 1134 3846 comen

114 3871 211 3918 tatoris
229 3885 253 3932 q.
267 3869 292 3921 d.
312 3867 463 3932 amputant
479 3869 509 3917 in
528 3883 633 3917 aeneum
650 3870 743 3917 conire
759 3868 861 3932 nequit)
876 3868 881 3932 Ι
896 3863 1039 3932 spernenda
1050 3865 1069 3914 I.
1080 3862 1134 3914 Mon

113 3936 214 3986 Satura
232 3935 324 4000 (nasu.
343 3953 369 3986 a.
390 3937 466 4000 1886)
481 3951 509 4001 p.
532 3938 560 3987 12
