2474 4440
358 273 531 326 CARMlNUlll
549 275 559 327 l
577 278 619 328 32.
638 277 679 328 33.

466 445 572 506 XXXll

114 564 278 624 Posoimur.
305 562 407 641 Siquid
423 564 506 624 vaoui
522 564 578 625 sub
594 564 698 625 umbra

113 648 250 709 Lnsimus
265 657 373 722 tecum,
389 649 468 726 quod
484 656 513 709 et
527 650 609 709 huno
624 650 653 708 in
671 666 782 709 annom

113 733 195 793 Vivat
210 741 240 793 et
254 732 355 811 pluris,
372 751 425 810 age
440 732 487 793 dio
503 733 651 807 Latinum,

190 817 318 890 Barbite,
334 836 464 890 carmen,

113 951 220 1012 Lesbio
237 953 363 1031 primum
380 952 528 1013 modulate
544 953 608 1026 oiri,

114 1036 170 1107 Qui
187 1037 271 1098 ferox
285 1037 373 1110 bello,
389 1044 486 1097 tamen
503 1037 581 1098 inter
595 1055 675 1098 arma

114 1121 180 1182 Sive
197 1123 331 1182 iactatam
348 1121 486 1199 religarat
499 1121 559 1182 udo

189 1206 289 1268 Litore
305 1207 411 1279 navim,

114 1340 255 1401 liberum
272 1349 301 1401 et
315 1340 412 1402 Musas
428 1340 633 1420 Veneremque
649 1350 677 1401 et
693 1342 733 1402 illi

114 1426 238 1503 Semper
254 1426 425 1486 haerentem
441 1443 566 1504 puerum
583 1425 708 1487 canebat

114 1509 151 1569 Et
167 1508 279 1589 Lpoum
296 1510 388 1588 nigris
405 1510 498 1570 oeulis
514 1510 658 1590 nigroque

192 1593 280 1656 Crine
296 1594 446 1655 decorum.
463 1631 504 1639 -

115 1726 139 1787 0
157 1727 247 1791 decus
261 1729 374 1790 Phoebi
389 1739 419 1790 et
433 1729 558 1808 dapibus
573 1730 704 1809 supremi

113 1812 201 1874 Grata
215 1814 332 1876 testudo
348 1815 431 1888 lovis,
447 1835 464 1875 o
481 1815 616 1876 laborum

113 1899 205 1960 Dulce
220 1900 360 1974 lenimen,
376 1899 447 1960 mihi
463 1918 590 1978 cumque
605 1898 682 1961 salve

190 1984 257 2045 Rite
271 1985 403 2045 vocantil

332 2152 335 2188 l

462 2269 582 2330 XXXlll

115 2386 191 2456 nihi,
207 2405 246 2447 ne
262 2388 361 2448 doleas
375 2389 442 2467 plus
459 2388 549 2449 nimio
565 2407 679 2450 memor

115 2471 232 2533 inmitis
246 2471 387 2552 Glycerae
402 2491 462 2532 neu
478 2473 651 2535 miserabilis

114 2557 260 2617 Deoautes
274 2557 383 2635 elegos,
400 2575 454 2617 eur
468 2558 521 2619 tibi
536 2559 636 2618 iunior

194 2641 285 2702 laesa
301 2642 464 2720 praeniteat
478 2644 544 2703 tide.

116 2775 267 2856 Insignem
283 2777 366 2837 tenui
382 2778 480 2838 fronte
496 2777 638 2859 lyoorida

116 2859 182 2940 Gyri
197 2870 292 2922 torret
305 2879 397 2931 amor,
413 2862 507 2942 Cyrus
521 2864 551 2922 in
568 2879 702 2941 asperam

115 2945 249 3007 Declinat
263 2946 413 3020 Pholoen;
428 2947 479 3007 sed
495 2948 577 3025 prius
593 2947 695 3026 Apulis

192 3031 360 3108 iungentur
375 3049 499 3110 capreae
513 3033 591 3111 lupis

117 3164 210 3235 Quam
227 3167 307 3244 turpi
323 3166 433 3227 Pholoe
450 3174 555 3245 peccet
568 3167 711 3227 adultero.

116 3248 166 3309 Sic
181 3250 276 3311 visum
290 3250 408 3324 Veneri,
424 3252 472 3311 oui
488 3251 584 3330 placet
599 3251 719 3331 imparis

115 3333 239 3395 Formas
253 3343 342 3414 atque
358 3336 472 3397 animos
487 3336 542 3397 sub
558 3336 624 3415 iuga
641 3353 731 3396 aenea

192 3420 285 3480 Saevo
301 3421 418 3481 mittere
433 3438 501 3481 oum
517 3421 593 3481 ioco.

73 3667 163 3720 XXXll
180 3686 205 3722 o.
225 3673 236 3722 l
257 3669 390 3724 Posuimus
405 3671 409 3739 Ι
426 3671 588 3736 ituit-gulam
599 3676 660 3738 port
677 3670 756 3736 pluris
769 3685 819 3722 om.
832 3673 866 3722 al.
880 3674 921 3734 (=
935 3671 1059 3739 Porpl.)l

10 3738 23 3786 5
40 3737 102 3787 mihi
121 3742 238 3805 eumque]
257 3737 292 3800 ef.
308 3739 336 3790 G.
349 3741 510 3790 Aotenrietlt
528 3755 591 3793 aaa.
608 3740 674 3805 phil.
692 3739 779 3805 suppl.
792 3741 816 3803 6,
835 3740 898 3797 tam
918 3739 948 3788 H.
963 3737 1062 3802 Wleil).

10 3819 44 3854 eo.
62 3809 120 3856 erit.
140 3807 205 3858 1888
219 3821 248 3871 p.
260 3809 323 3860 507:
343 3807 413 3871 milri,
431 3807 523 3874 cuique
536 3808 620 3858 uenat.
634 3807 811 3874 medicumque
824 3807 1011 3858 Lucumonem
1028 3807 1064 3856 ad

10 3887 68 3925 nor.
93 3872 115 3921 V
143 3877 191 3928 311
214 3874 386 3942 melionmque
408 3876 501 3942 Brady
525 3876 658 3927 Hermatle.
682 3877 697 3927 3
721 3891 746 3927 a.
773 3877 836 3928 1875
859 3890 885 3940 p.
911 3875 959 3926 195
983 3878 1063 3924 metu-

11 3953 82 4005 mque
98 3943 172 3992 Aem.
189 3940 341 4008 Roeenoerg
