2474 4440
129 242 190 301 190
492 243 721 296 EPISTULARUM
739 245 748 296 l
766 250 790 298 5.
809 249 832 298 6.

213 415 243 475 Si
266 416 372 477 melius
394 416 464 495 quid
486 416 577 477 habes
600 434 723 490 arcesse,
747 418 792 478 vel
814 418 970 496 imperium
995 419 1056 479 lor:

211 500 383 562 Iamdudum
405 501 540 580 splendet
563 503 647 562 focus
669 509 698 561 et
719 501 771 561 tibi
794 502 904 563 munda
927 504 1072 582 supellex.

211 585 294 646 Mitte
316 586 387 647 levis
408 605 476 665 spes
499 595 528 647 et
550 586 710 646 certamina
733 586 897 647 divitiarum

212 670 249 730 Et
270 671 382 731 Moschi
404 690 539 732 causam:
564 689 628 732 cras
651 680 720 731 nato
743 671 867 734 Caesare
889 673 982 734 festus

213 757 268 817 Dat
289 756 404 817 veniam
426 775 623 835 somnumque
645 756 722 829 dies3
746 757 867 837 impune
890 757 990 818 licebit

210 841 353 902 destinam
376 859 515 902 sermone
537 841 668 921 benigno
690 843 814 902 tendere
837 853 966 903 noctem.

211 925 277 997 Quo
300 926 371 986 mihi
394 927 554 1000 fortunam,
577 927 602 987 si
626 946 685 987 non
710 927 883 988 conceditur
906 926 971 988 uti?

211 1011 320 1071 Parcus
343 1011 381 1072 ob
403 1012 519 1072 heredis
542 1029 641 1073 curam
665 1012 848 1091 nimiumque
870 1031 990 1074 severus

210 1096 329 1156 Adsidet
351 1097 472 1156 insano:
496 1105 599 1175 potare
621 1105 651 1156 et
672 1115 810 1176 spargere
833 1099 921 1158 llores

210 1180 353 1260 Incipiam
378 1181 529 1259 patiarque
551 1182 596 1242 vel
619 1182 805 1243 inconsultus
827 1183 938 1243 haberi.

211 1266 287 1337 Quid
311 1285 372 1326 non
396 1264 522 1327 ebrietas
544 1265 707 1344 dissignat?
731 1275 833 1345 operta
857 1268 992 1341 recludit,

210 1352 284 1430 Spes
306 1352 388 1412 iubet
409 1371 473 1412 esse
495 1361 582 1425 ratas,
605 1352 640 1412 ad
664 1352 774 1431 proelia
798 1353 889 1413 trudit
910 1354 1050 1427 inertem,

210 1437 348 1498 Sollicitis
369 1437 474 1498 animis
496 1456 573 1498 onus
595 1437 704 1509 eximit,
726 1439 849 1498 addocet
871 1439 951 1499 artis.

210 1521 340 1583 Fecundi
363 1522 468 1583 calices
491 1541 580 1600 quem
603 1542 664 1583 non
687 1523 784 1583 fecere
806 1523 959 1595 disertum,

211 1606 368 1668 Contracta
391 1625 479 1685 quem
503 1627 563 1668 non
588 1607 617 1667 in
642 1617 815 1686 paupertate
838 1605 991 1669 solutum?

210 1692 289 1753 llaec
312 1709 366 1770 ego
390 1710 551 1770 procurare
574 1701 603 1752 et
624 1693 749 1753 idoneus
771 1692 902 1772 imperor
924 1703 953 1753 et
976 1712 1038 1753 non

209 1778 329 1851 Invitus,
354 1796 392 1837 ne
414 1785 502 1856 turpe
525 1777 609 1850 toral,
634 1796 672 1838 ne
694 1777 812 1838 sordida
834 1796 939 1857 mappa

210 1862 362 1941 Gonruget
384 1863 473 1936 naris,
498 1882 534 1922 ne
558 1882 619 1922 non
644 1871 673 1922 et
694 1863 851 1925 cantharus
874 1873 903 1924 et
925 1863 994 1924 lanx

210 1947 352 2008 Ostendat
374 1947 426 2007 tihi
449 1957 487 2019 te,
512 1966 550 2008 ne
572 1947 646 2008 fidos
669 1949 747 2008 inter
769 1949 878 2010 amicos

210 2032 254 2092 Sit
275 2034 326 2111 qui
348 2033 424 2093 dicta
448 2033 526 2093 foras
549 2032 688 2093 eliminet.
732 2032 771 2093 Ut
793 2042 876 2094 coeat
898 2051 952 2112 par

208 2117 410 2196 lungaturque
433 2117 505 2196 pari,
531 2117 650 2178 Butram
672 2119 724 2179 tibi
748 2118 971 2197 Septiciumque

208 2201 246 2261 Et
269 2203 325 2263 nisi
348 2221 422 2262 cena
444 2202 526 2280 prior
548 2204 705 2282 potiorque
728 2203 825 2282 puella
848 2203 992 2263 Sabinum

210 2287 328 2348 Detinet
347 2289 515 2360 adsumam3
538 2287 621 2348 locus
643 2296 738 2349 estet
760 2287 895 2367 pluribus
918 2288 1043 2360 umbris,

209 2372 266 2432 Sed
290 2372 377 2433 nimis
399 2382 460 2432 arta
482 2381 624 2451 premunt
646 2373 738 2433 olidae
761 2374 891 2434 convivia
914 2391 1031 2451 caprae.

208 2456 254 2518 Tu
278 2466 385 2536 quotus
408 2476 471 2518 esse
494 2457 564 2518 velis
585 2458 715 2518 rescribe
738 2469 767 2518 et
790 2459 878 2519 rebus
900 2459 1017 2520 omissis

210 2543 288 2603 Atria
310 2537 475 2604 servantem
499 2543 613 2622 postico
637 2543 702 2604 salle
724 2543 871 2604 clientem.

642 2794 677 2853 Vl

208 2916 254 2976 Nil
277 2917 413 2977 admirari
435 2934 529 2995 prope
552 2933 600 2976 res
623 2925 667 2975 est
690 2933 756 2988 una,
781 2914 905 2984 Numici,

209 3002 346 3082 Solaque,
369 3020 443 3080 quae
466 3001 559 3080 possit
582 3001 678 3060 facere
701 3008 729 3060 et
751 3018 867 3061 servare
889 2998 1020 3059 beatum.

208 3086 297 3149 lluuc
318 3088 409 3148 solem
433 3094 463 3146 et
484 3086 581 3147 stellas
604 3095 633 3144 et
655 3084 827 3146 decedentia
849 3084 938 3144 certis

207 3172 355 3251 Tempora
378 3173 535 3232 momentis
557 3181 627 3232 sunt
649 3171 699 3249 qui
722 3169 879 3230 formidine
902 3169 983 3230 nulla

150 3268 164 3315 o
208 3257 316 3319 imbuo
339 3265 482 3337 spectent.
528 3256 605 3326 Quid
628 3274 732 3316 censes
754 3272 878 3315 munera
900 3262 1005 3326 terrae,

208 3342 285 3413 Quid
308 3343 397 3402 maris
419 3350 566 3402 extremos
589 3340 699 3401 Arabas
721 3340 841 3400 ditantis
864 3347 892 3399 et
915 3338 1014 3408 ludos,

206 3427 332 3488 Ludicra
356 3426 434 3505 quid,
457 3427 577 3507 plausus
600 3436 629 3487 et
650 3425 736 3486 amici
758 3426 836 3485 dona
859 3420 1004 3494 Quiritis?

50 3708 53 3713 .
207 3661 229 3711 V
247 3678 271 3712 υ.
293 3665 321 3714 11
342 3661 460 3712 lestiuam
478 3662 513 3724 (a)
526 3660 674 3710 Meinelriue
689 3659 693 3723 Ι
712 3661 742 3711 16
755 3657 891 3724 designat!
910 3661 938 3708 l'l
953 3657 1072 3707 inermem
1087 3654 1091 3718 Ι
1107 3655 1115 3704 1

121 3729 196 3781 cundi
212 3733 215 3794 Ι
232 3733 264 3783 23
283 3745 330 3780 nec
348 3745 398 3780 non
417 3730 570 3796 (v)125.rq.
590 3728 712 3779 eliminet.
730 3724 862 3793 Ut-pari‚
875 3724 987 3787 Butram]
1005 3725 1054 3775 Ios.
1067 3722 1115 3773 Lau

121 3797 152 3848 de
173 3797 273 3860 fraude
291 3799 320 3851 Ρ.
339 3799 457 3848 Merulae
474 3799 558 3848 Ennii
576 3812 639 3847 ann.
658 3796 848 3846 editoresque.
868 3794 964 3855 (Boon.
985 3793 1057 3855 1852)
1075 3791 1115 3838 thu

120 3866 219 3934 Pauly.-
238 3867 362 3930 eliminet,
380 3867 504 3931 ut—pari.
524 3865 626 3916 Butram
643 3863 646 3930 1
664 3861 695 3912 Vl
713 3879 736 3914 o.
755 3866 818 3928 deq.
836 3862 911 3913 ludos
929 3861 1034 3922 ludicra,
1051 3859 1101 3923 (nl)

8 3955 34 3996 h
121 3937 147 3983 et
163 3934 249 4000 ludos,
267 3935 329 3999 (ull
342 3933 438 3986 ludicra
457 3934 517 4000 quid
536 3933 572 3985 al.
591 3932 683 3983 lndosl
701 3930 810 3983 ludicra:
830 3929 892 3997 quid
910 3929 951 3986 112
