2474 4440
376 110 549 165 CARMlNUM
567 113 596 165 lll
616 117 656 168 18.
677 118 715 168 19.

132 283 168 343 Si
191 294 277 344 tener
300 284 390 362 pleno
413 284 490 344 cadit
512 285 622 345 haedus
643 303 722 345 anno

130 367 230 448 Larga
254 386 310 428 nec
333 367 440 428 desum
462 369 585 429 Veneris
607 369 698 429 sodali
747 379 751 385 '

135 452 210 513 Vina
233 461 392 525 creterrae,
416 463 498 514 vetus
521 472 569 514 ara
592 453 684 513 multo

213 537 319 597 Fumat
342 538 443 598 odore.

137 655 225 715 Ludit
247 655 375 715 herboso
398 672 490 733 pecus
513 672 601 714 omne
624 673 737 734 campo,

138 739 211 800 Cum
232 740 285 800 tibi
308 740 408 799 Nonae
431 738 557 798 redeunt
580 739 767 814 Decembres,

138 823 242 886 Festus
264 825 295 884 in
319 825 411 903 pratis
432 832 513 882 vacat
536 824 630 885 otioso

215 908 288 969 Cum
311 909 384 969 bove
407 927 509 987 pagus,

138 1025 219 1086 lnter
241 1026 358 1086 audacis
379 1026 468 1104 lupus
490 1037 569 1086 errat
590 1043 692 1103 agnos,

139 1109 256 1188 Spargit
278 1111 400 1190 agrestis
423 1109 476 1170 tibi
498 1111 569 1171 silva
593 1109 717 1181 frondis,

141 1194 252 1255 Gaudet
273 1195 395 1255 invisam
418 1195 565 1274 pepulisse
591 1196 687 1255 fossor

214 1279 274 1338 Ter
295 1280 370 1359 pede
394 1288 512 1339 terram.

518 1530 584 1590 xlx

141 1649 291 1720 Quantum
314 1648 403 1709 distet
425 1649 461 1708 ab
485 1649 593 1709 lnacbo

187 1732 300 1794 Codrus
322 1752 377 1812 pro
400 1734 493 1811 patria
517 1752 577 1795 non
603 1735 721 1795 timidus
743 1736 819 1795 mori

142 1818 248 1878 Narras
271 1827 300 1878 et
322 1837 417 1896 genus
439 1818 526 1878 Aeaci

186 1902 223 1963 Et
246 1912 376 1980 pugnata
399 1921 483 1963 sacro
507 1902 581 1963 bella
605 1903 660 1962 sub
683 1904 750 1963 llio:

142 1987 206 2058 Quo
231 1987 336 2048 Chium
358 1988 452 2066 pretio
476 1988 580 2047 cadum

187 2072 365 2143 Mercemur‚
388 2073 454 2151 quis
476 2091 582 2150 aquam
605 2081 750 2151 temperet
771 2071 899 2153 ignibus,

145 2157 208 2227 Quo
230 2156 394 2236 praebente
417 2156 538 2217 domurn
560 2167 589 2218 et
612 2168 701 2236 quota

190 2241 337 2320 Paelignis
360 2259 473 2302 caream
495 2241 664 2320 frigoribus,
685 2252 774 2304 taces.
798 2278 838 2288 -

145 2324 185 2385 lla
207 2326 295 2387 lunae
318 2345 446 2404 propere
469 2345 571 2399 novae,

190 2411 231 2470 lla
255 2411 351 2471 noctis
373 2410 495 2483 mediae,
519 2412 563 2485 da,
588 2429 672 2490 puer,
695 2415 814 2491 auguris

148 2493 301 2555 llurenael
325 2495 419 2556 tribus
442 2504 492 2557 aut
514 2515 618 2555 noveni

191 2579 353 2640 Miscentur
375 2580 486 2658 cyathis
507 2582 613 2659 pocula
637 2582 808 2643 commodis.

147 2663 200 2733 Qui
223 2664 320 2725 Musas
342 2672 419 2724 amat
440 2665 569 2744 imparis,

191 2749 307 2809 Ternos
329 2758 373 2808 ter
396 2749 516 2827 cyathos
539 2751 681 2811 attonitus
703 2759 784 2831 petet

147 2830 247 2905 Vates;
270 2833 323 2894 tris
344 2833 483 2912 prohibet
504 2853 594 2913 supra

193 2917 332 2977 Rinarum
355 2926 492 2979 metuens
513 2926 634 2999 tangere
658 2918 755 2979 Gratia

148 2999 238 3062 Nudis
260 3003 361 3062 iuncta
383 3003 545 3064 sororibus.

192 3085 327 3147 lnsanire
349 3087 441 3148 iuvatl
465 3106 520 3148 cur
542 3088 732 3166 berecyntiae

149 3168 269 3231 Cessent
290 3171 408 3232 flamina
431 3171 539 3232 tibiae?

193 3255 253 3315 Cur
275 3257 386 3335 pendet
407 3257 493 3317 tacita
516 3257 611 3318 fistula
635 3275 702 3316 curn
725 3254 805 3335 lyra?

148 3337 298 3400 Parcentis
320 3358 375 3419 ego
398 3343 531 3403 dexteras

194 3423 264 3484 Odi:
289 3443 394 3504 sparge
417 3427 512 3487 rosasl
536 3425 634 3486 audiat
654 3425 770 3486 invidus

113 3567 181 3624 lllllll
199 3590 223 3625 v.
244 3577 258 3625 7
277 3577 389 3626 craterae
404 3575 408 3638 Ι
428 3578 457 3626 12
474 3575 568 3640 pardus
586 3577 622 3639 (o)
640 3573 675 3636 cf.
694 3574 809 3625 Bentleii
826 3573 887 3624 adn.

114 3634 161 3689 lllll
180 3657 202 3692 υ.
226 3646 235 3694 l
257 3639 336 3693 distat
355 3641 359 3708 1
380 3646 394 3694 2
413 3657 463 3693 non
484 3642 587 3694 timidus
607 3658 652 3708 pro
671 3643 751 3707 patria
772 3642 834 3692 mori
853 3642 887 3704 (v)
906 3638 911 3707 Ι
932 3643 947 3691 l
967 3652 1039 3693 sacra
1056 3640 1093 3704 (a)

90 3701 208 3759 ‘incanus
226 3711 243 3760 l.
262 3725 283 3760 e.
303 3709 311 3760 l
332 3713 372 3774 10,
393 3712 459 3762 141.
486 3710 491 3775 Ι
520 3713 551 3763 12
577 3712 714 3762 miscentor
731 3709 888 3773 dirigeretur
907 3708 964 3759 lect.
987 3709 1050 3760 Hor.
1070 3720 1092 3759 c.

94 3782 115 3830 P·
130 3775 186 3837 ltu
205 3776 240 3830 N.
259 3779 383 3828 Heinsius
