2474 4440
491 255 663 308 CARMlNUll
681 257 691 309 l
710 260 750 310 30.
769 259 809 310 31.

604 430 683 491 XXX

239 547 262 609 0
280 548 388 620 Venus,
405 549 505 626 regina
522 548 606 610 Cnidi
621 549 781 627 Paphique,

236 633 351 712 Sperne
367 632 500 694 dilectam
518 633 634 713 Cypron
651 642 681 693 et
695 634 828 694 vocantis

236 717 315 778 Ture
330 726 358 778 te
374 719 466 778 multo
483 717 623 798 Glycerae
637 718 774 779 decoram

315 802 455 864 Transfer
470 803 500 863 in
517 804 628 863 aedem.

177 931 191 980 5
235 920 376 981 Fervidus
392 930 488 981 tecum
505 938 580 999 puer
595 928 625 981 et
639 921 743 981 solutis

235 1005 350 1066 Gratiae
365 1006 448 1065 zonis
463 1015 684 1084 properentque
700 1005 850 1085 Nymphae

236 1090 273 1150 Et
287 1107 389 1168 parurn
407 1090 498 1150 comis
514 1090 622 1151 sinete
638 1090 774 1151 luventas

310 1173 544 1252 Mercuriusque.

596 1510 687 1570 XXXl

236 1630 312 1701 Quid
329 1629 493 1690 dedicatum
510 1629 606 1708 poscit
621 1629 786 1708 Apollinem

235 1711 344 1775 Vates?
361 1715 430 1793 qnid
447 1724 520 1787 orat,
536 1715 571 1774 de
590 1723 688 1791 patera
705 1733 814 1775 novum

282 1798 423 1860 Fundens
439 1797 605 1877 liquorem?
623 1818 682 1859 non
700 1800 815 1878 opimae

333 1883 485 1943 Sardiniae
501 1892 616 1960 segetes
632 1885 744 1955 feracis,

183 2012 198 2061 5
240 2001 305 2062 Non
322 2009 474 2062 aestuosae
489 2010 569 2079 grata
586 2000 733 2062 Calabriae

237 2089 387 2158 Armenta,
404 2105 465 2146 non
482 2104 585 2147 aurum
602 2096 652 2148 ant
667 2086 740 2147 ebur
755 2086 899 2160 lodicum,

280 2171 347 2232 Non
364 2188 443 2242 rura,
461 2188 535 2249 quae
551 2171 625 2231 liris
642 2171 738 2249 quieta

332 2255 447 2316 Mordet
462 2273 536 2333 aqua
552 2257 717 2316 taciturnus
732 2256 835 2316 amnis.

240 2375 381 2435 Premant
396 2374 532 2435 Calenam
548 2375 622 2435 lalce
637 2374 745 2452 quibus
759 2374 839 2436 dedit

167 2468 195 2521 10
238 2459 369 2520 Fortuna
385 2460 482 2532 vitem,
499 2458 579 2520 dives
595 2466 627 2518 ut
642 2459 737 2520 aureis

282 2545 428 2605 Mercator
443 2544 571 2605 exsiccet
586 2543 691 2625 culillis
732 2499 790 2587 *l
804 2510 863 2608 ⁰1⁰²)

334 2628 406 2689 Vina
424 2630 494 2708 Syra
511 2639 644 2707 reparata
661 2645 770 2701 merce,

241 2747 292 2808 Dis
307 2766 393 2809 carus
408 2748 488 2827 ipsis,
506 2748 615 2827 quippe
630 2757 676 2807 ter
691 2754 720 2807 et
735 2754 837 2824 quater

238 2836 325 2893 Anno
342 2834 472 2894 revisens
487 2850 600 2911 aequor
615 2831 790 2892 Atlanticum

165 2928 193 2977 15
280 2917 421 2996 lmpunc;
438 2937 484 2978 me
500 2926 626 2997 pascunt
642 2915 742 2989 olivae,

333 3001 379 3063 lllc
395 3002 530 3063 cichorea
547 3002 683 3079 levesque
698 2999 817 3084 malvae.

239 3119 309 3179 Frui
324 3119 432 3199 paratis
449 3119 585 3219 etpalido
601 3119 682 3192 mihi,

237 3202 337 3278 Lame,
354 3205 447 3264 dones
462 3223 506 3283 ac,
522 3223 638 3282 precor,
657 3204 771 3282 integra

286 3291 358 3349 Cum
375 3300 473 3348 mente
490 3307 545 3348 nec
562 3298 679 3367 turpem
695 3296 842 3348 senectam

165 3385 196 3434 20
341 3374 453 3452 [legere
470 3391 525 3433 nec
540 3373 650 3433 cithara
667 3381 825 3433 carentem.

195 3621 275 3673 XXXI
292 3639 315 3673 o.
335 3625 436 3686 [9-16]
455 3624 473 3673 a
499 3622 503 3687 Ι
526 3625 541 3674 9
560 3613 687 3685 Calenam]
701 3623 795 3687 Por-pli.
810 3618 929 3688 (BentL):
948 3617 1041 3670 Calena
1063 3617 1068 3686 Ι
1094 3622 1142 3672 105

106 3695 272 3810 pinpbqplcppt
295 3693 330 3754 (v)
357 3690 422 3742 Tun.
446 3692 536 3742 Faber·
562 3687 668 3757 (Bentl.)
701 3693 705 3753 Ι
741 3691 771 3742 18
799 3691 837 3751 ac]
868 3704 883 3738 a·
910 3687 1029 3754 (Bentlp
1057 3691 1084 3738 at
1113 3704 1128 3737 v

568 3895 719 3904 --
