2474 4440
97 215 137 274 98
461 216 633 269 stantunus
651 216 684 270 lV
704 222 744 272 14.
764 224 804 273 15.

153 403 182 450 45
226 389 276 463 Te,
300 390 427 449 sontium
451 389 503 466 qui
525 389 599 449 celat
621 389 762 468 origines,

224 474 365 551 Nilusque
389 482 417 534 et
439 473 523 545 Ister,
546 482 575 534 te
597 475 716 553 rapidus
739 478 844 558 Tigris,

272 559 313 618 Te
336 557 475 619 beluosus
498 559 547 636 qni
570 560 691 620 remotis

324 642 475 722 Obstrepit
497 643 634 706 Oceanus
656 645 816 721 Britannis,

230 761 272 822 Te
295 780 356 822 non
379 763 512 841 paventis
534 763 638 823 funera
663 762 772 825 Galliae
831 797 834 804 ·

157 857 186 906 50
228 846 384 924 Duraeque
406 847 492 913 telius
514 848 595 908 audit
617 848 763 922 Hiberiae,

163 967 165 971 ·
273 930 314 991 Te
337 931 425 991 caede
447 932 607 1010 gaudentes
630 933 783 1012 Sygambri

326 1015 501 1095 Compositis
523 1028 704 1077 venerantur
725 1020 822 1080 armis.

613 1270 663 1329 XV

229 1386 365 1448 Phoebus
387 1386 532 1449 volentem
555 1390 667 1467 proelia
690 1407 736 1450 rue
758 1390 840 1468 loqui

229 1472 324 1534 Victas
346 1483 376 1532 et
398 1471 478 1533 urbis
500 1472 647 1551 increpuit
668 1474 740 1554 lyra,

274 1559 317 1618 Ne
339 1574 427 1635 parva
450 1557 636 1636 Tyrrhenum
660 1578 713 1638 per
736 1578 847 1638 aequor

327 1641 396 1701 Vela
419 1642 528 1701 darem.
572 1643 643 1717 Tua,
667 1643 781 1718 Caesar,
804 1655 883 1708 aetas

171 1773 186 1821 5
228 1761 344 1840 Fruges
367 1772 396 1821 et
419 1761 495 1839 agris
516 1762 628 1823 rettulit
649 1761 758 1823 uberes
816 1782 820 1789 ’

228 1847 266 1907 Et
290 1848 373 1925 signa
397 1856 499 1906 nostro
522 1847 650 1909 restituit
670 1848 729 1908 lovi

276 1932 402 2009 Derepta
425 1931 599 1992 Parthorum
623 1933 758 2012 superbis

326 2015 464 2076 Postibus
487 2026 517 2076 et
537 2035 661 2077 vacuum
685 2018 789 2079 duellis

229 2135 333 2195 lanum
357 2134 473 2205 Quirini
497 2135 601 2196 clausit
623 2145 651 2194 et
674 2137 807 2197 ordinem

159 2230 186 2279 10
229 2221 352 2280 Rectum
376 2220 509 2298 evaganti
531 2222 614 2281 frena
636 2219 772 2281 licentiae

277 2305 379 2366 iniecit
401 2307 567 2384 emovitque
590 2305 691 2383 culpas

327 2390 365 2450 Et
386 2399 498 2452 veteres
519 2391 663 2450 revocavit
685 2390 764 2463 artis,

229 2508 285 2568 Per
307 2527 380 2586 quas
403 2509 540 2569 Latinum
566 2528 675 2569 nomen
699 2519 728 2568 et
750 2509 837 2570 ltalae

233 2592 354 2653 Crevere
376 2594 452 2654 vires
474 2595 609 2673 famaque
633 2603 662 2655 et
684 2594 788 2672 imperi

161 2690 189 2739 15
273 2679 413 2738 Porrecta
437 2680 571 2741 maiestas
594 2680 628 2739 ad
653 2690 735 2739 ortus

329 2763 405 2824 Solis
428 2765 462 2823 ab
485 2765 628 2842 Hesperio
652 2765 750 2825 cubili.
773 2797 815 2807 -

230 2880 357 2942 Custode
379 2901 479 2943 rerum
504 2884 625 2944 Caesare
648 2903 708 2944 non
733 2885 817 2943 i'uror
908 2950 909 2954 Ἰ

231 2966 326 3027 Civilis
347 2977 397 3026 aut
418 2969 460 3028 vis
484 2969 590 3029 eximet
612 2969 713 3040 otium,

276 3051 340 3111 Non
365 3053 417 3124 ira,
441 3071 516 3131 quae
538 3055 675 3132 procudit
697 3054 776 3114 ensis

160 3147 188 3196 20
330 3136 368 3197 Et
390 3138 513 3198 miseras
535 3139 667 3200 inimicat
688 3139 779 3209 urbis,

231 3255 296 3314 Non
321 3256 370 3333 qui
395 3256 577 3334 profundum
600 3257 762 3318 Danuvium
787 3254 893 3316 bibunt

232 3339 334 3400 Edicta
357 3353 498 3419 rumpent
520 3341 600 3415 iulia,
623 3362 683 3402 non
708 3340 808 3413 Getae,

281 3425 345 3485 Non
373 3426 458 3486 Seres
479 3427 596 3487 infidive
618 3428 734 3499 Persae,

329 3510 395 3569 Non
420 3511 531 3572 Tanain
555 3532 649 3592 prope
671 3513 780 3571 flumen
805 3510 872 3574 orti.

190 3760 245 3811 XIV
263 3778 286 3811 v.
306 3763 338 3812 49
358 3766 481 3826 pauentes

189 3829 234 3878 XV
253 3847 276 3880 a.
297 3833 310 3879 7
330 3830 444 3893 derepta]
464 3834 511 3895 tot:
530 3829 625 3895 direpta
643 3830 647 3895 Ι
663 3830 822 3891 ttQuirinum
841 3833 1018 3900 Passeratius,
1037 3837 1058 3890 1,
1070 3839 1105 3890 F.
1120 3839 1185 3890 Gro-

105 3897 200 3945 novius
216 3901 219 3961 1
238 3901 267 3950 15
287 3902 370 3948 ortum
389 3901 423 3961 (u)
438 3900 442 3964 t
458 3902 490 3950 23
510 3897 631 3965 infidique
