<?xml version="1.0" encoding="UTF-8"?>
<!DOCTYPE html PUBLIC "-//W3C//DTD XHTML 1.0 Transitional//EN"
    "http://www.w3.org/TR/xhtml1/DTD/xhtml1-transitional.dtd">
<html xmlns="http://www.w3.org/1999/xhtml" xml:lang="en" lang="en">
 <head>
  <title>
</title>
<meta http-equiv="Content-Type" content="text/html;charset=utf-8" />
  <meta name='ocr-system' content='tesseract 3.04.00' />
  <meta name='ocr-capabilities' content='ocr_page ocr_carea ocr_par ocr_line ocrx_word'/>
</head>
<body>
  <div class='ocr_page' id='page_1' title='image "./qhoratiiflaccic00hertgoog_0129.png"; bbox 0 0 2474 4440; ppageno 0'>
   <div class='ocr_carea' id='block_1_1' title="bbox 608 256 858 312">
    <p class='ocr_par' dir='ltr' id='par_1_1' title="bbox 608 256 858 312">
     <span class='ocr_line' id='line_1_1' title="bbox 608 256 858 312; baseline 0.004 -3"><span class='ocrx_word' id='word_1_1' title='bbox 608 256 738 309; x_wconf 80' lang='lat' dir='ltr'><strong>EPODON</strong></span> <span class='ocrx_word' id='word_1_2' title='bbox 759 262 796 311; x_wconf 87' lang='lat'>10.</span> <span class='ocrx_word' id='word_1_3' title='bbox 818 262 858 312; x_wconf 89' lang='grc'>11.</span> 
     </span>
    </p>
   </div>
   <div class='ocr_carea' id='block_1_2' title="bbox 321 429 911 762">
    <p class='ocr_par' dir='ltr' id='par_1_2' title="bbox 321 429 911 762">
     <span class='ocr_line' id='line_1_2' title="bbox 324 429 911 508; baseline 0.002 -16"><span class='ocrx_word' id='word_1_4' title='bbox 324 429 429 508; x_wconf 88' lang='lat' dir='ltr'>Opima</span> <span class='ocrx_word' id='word_1_5' title='bbox 454 429 559 507; x_wconf 87' lang='lat' dir='ltr'>quodsi</span> <span class='ocrx_word' id='word_1_6' title='bbox 581 429 688 506; x_wconf 84' lang='lat' dir='ltr'>praeda</span> <span class='ocrx_word' id='word_1_7' title='bbox 712 449 801 491; x_wconf 84' lang='lat' dir='ltr'>curvo</span> <span class='ocrx_word' id='word_1_8' title='bbox 825 432 911 493; x_wconf 87' lang='lat' dir='ltr'>litore</span> 
     </span>
     <span class='ocr_line' id='line_1_3' title="bbox 363 514 782 591; baseline 0.005 -18"><span class='ocrx_word' id='word_1_9' title='bbox 363 514 504 575; x_wconf 89' lang='lat' dir='ltr'>Porrecta</span> <span class='ocrx_word' id='word_1_10' title='bbox 527 533 644 591; x_wconf 83' lang='lat' dir='ltr'>mergos</span> <span class='ocrx_word' id='word_1_11' title='bbox 667 515 782 588; x_wconf 83' lang='lat' dir='ltr'>iuveris,</span> 
     </span>
     <span class='ocr_line' id='line_1_4' title="bbox 321 598 834 678; baseline 0 -18"><span class='ocrx_word' id='word_1_12' title='bbox 321 598 511 660; x_wconf 81' lang='lat' dir='ltr'>libidinosus</span> <span class='ocrx_word' id='word_1_13' title='bbox 533 599 723 659; x_wconf 89' lang='lat' dir='ltr'>inmolabitnr</span> <span class='ocrx_word' id='word_1_14' title='bbox 744 619 834 678; x_wconf 92' lang='lat' dir='ltr'>caper</span> 
     </span>
     <span class='ocr_line' id='line_1_5' title="bbox 366 683 770 762; baseline 0.005 -19"><span class='ocrx_word' id='word_1_15' title='bbox 366 684 403 743; x_wconf 84' lang='lat' dir='ltr'>Et</span> <span class='ocrx_word' id='word_1_16' title='bbox 427 702 500 762; x_wconf 84' lang='lat' dir='ltr'>agna</span> <span class='ocrx_word' id='word_1_17' title='bbox 524 683 770 762; x_wconf 74' lang='lat' dir='ltr'><strong>Tempestatibus.</strong></span> 
     </span>
    </p>
   </div>
   <div class='ocr_carea' id='block_1_3' title="bbox 712 937 750 995">
    <p class='ocr_par' dir='ltr' id='par_1_3' title="bbox 712 937 750 995">
     <span class='ocr_line' id='line_1_6' title="bbox 712 937 750 995; baseline 0.026 -1"><span class='ocrx_word' id='word_1_18' title='bbox 712 937 750 995; x_wconf 81' lang='lat' dir='ltr'>xl</span> 
     </span>
    </p>
   </div>
   <div class='ocr_carea' id='block_1_4' title="bbox 252 1054 1208 3428">
    <p class='ocr_par' dir='ltr' id='par_1_4' title="bbox 252 1054 1208 3428">
     <span class='ocr_line' id='line_1_7' title="bbox 322 1054 879 1128; baseline -0.004 -10"><span class='ocrx_word' id='word_1_19' title='bbox 322 1057 407 1128; x_wconf 77' lang='lat' dir='ltr'>Petu,</span> <span class='ocrx_word' id='word_1_20' title='bbox 431 1055 504 1115; x_wconf 92' lang='lat' dir='ltr'>nibil</span> <span class='ocrx_word' id='word_1_21' title='bbox 527 1073 574 1114; x_wconf 91' lang='lat' dir='ltr'>me</span> <span class='ocrx_word' id='word_1_22' title='bbox 596 1054 672 1114; x_wconf 90' lang='lat' dir='ltr'>sicut</span> <span class='ocrx_word' id='word_1_23' title='bbox 694 1065 778 1114; x_wconf 88' lang='lat' dir='ltr'>antea</span> <span class='ocrx_word' id='word_1_24' title='bbox 801 1056 879 1116; x_wconf 87' lang='lat' dir='ltr'>iurat</span> 
     </span>
     <span class='ocr_line' id='line_1_8' title="bbox 368 1140 1119 1222; baseline 0.004 -20"><span class='ocrx_word' id='word_1_25' title='bbox 368 1141 504 1202; x_wconf 80' lang='lat' dir='ltr'><strong>Scribere</strong></span> <span class='ocrx_word' id='word_1_26' title='bbox 528 1140 687 1199; x_wconf 87' lang='lat' dir='ltr'>versiculos</span> <span class='ocrx_word' id='word_1_27' title='bbox 710 1158 809 1201; x_wconf 92' lang='lat' dir='ltr'>amore</span> <span class='ocrx_word' id='word_1_28' title='bbox 832 1160 1007 1220; x_wconf 91' lang='lat' dir='ltr'>percussum</span> <span class='ocrx_word' id='word_1_29' title='bbox 1030 1147 1119 1222; x_wconf 81' lang='lat' dir='ltr'>gravi,</span> 
     </span>
     <span class='ocr_line' id='line_1_9' title="bbox 322 1225 973 1305; baseline -0.002 -17"><span class='ocrx_word' id='word_1_30' title='bbox 322 1231 437 1296; x_wconf 79' lang='lat' dir='ltr'>Amore,</span> <span class='ocrx_word' id='word_1_31' title='bbox 461 1225 511 1303; x_wconf 84' lang='lat' dir='ltr'>qui</span> <span class='ocrx_word' id='word_1_32' title='bbox 535 1243 581 1285; x_wconf 91' lang='lat' dir='ltr'>me</span> <span class='ocrx_word' id='word_1_33' title='bbox 605 1234 721 1303; x_wconf 89' lang='lat' dir='ltr'>praeter</span> <span class='ocrx_word' id='word_1_34' title='bbox 744 1227 840 1287; x_wconf 91' lang='lat' dir='ltr'>omnis</span> <span class='ocrx_word' id='word_1_35' title='bbox 863 1228 973 1305; x_wconf 82' lang='lat' dir='ltr'>expetit</span> 
     </span>
     <span class='ocr_line' id='line_1_10' title="bbox 368 1309 1057 1390; baseline 0.003 -18"><span class='ocrx_word' id='word_1_36' title='bbox 368 1310 505 1372; x_wconf 84' lang='lat' dir='ltr'>Mollibus</span> <span class='ocrx_word' id='word_1_37' title='bbox 528 1310 558 1369; x_wconf 93' lang='lat' dir='ltr'>in</span> <span class='ocrx_word' id='word_1_38' title='bbox 583 1309 682 1387; x_wconf 93' lang='lat' dir='ltr'>pueris</span> <span class='ocrx_word' id='word_1_39' title='bbox 705 1319 755 1369; x_wconf 86' lang='lat' dir='ltr'>aut</span> <span class='ocrx_word' id='word_1_40' title='bbox 778 1310 807 1370; x_wconf 91' lang='lat' dir='ltr'>in</span> <span class='ocrx_word' id='word_1_41' title='bbox 831 1313 937 1390; x_wconf 84' lang='lat' dir='ltr'>puellis</span> <span class='ocrx_word' id='word_1_42' title='bbox 961 1330 1057 1374; x_wconf 92' lang='lat' dir='ltr'>urere.</span> 
     </span>
     <span class='ocr_line' id='line_1_11' title="bbox 267 1394 963 1473; baseline -0.004 -13"><span class='ocrx_word' id='word_1_43' title='bbox 267 1411 280 1460; x_wconf 86' lang='lat'><strong>5</strong></span> <span class='ocrx_word' id='word_1_44' title='bbox 325 1398 378 1458; x_wconf 90' lang='lat' dir='ltr'>Hic</span> <span class='ocrx_word' id='word_1_45' title='bbox 400 1396 504 1456; x_wconf 89' lang='lat' dir='ltr'>tertius</span> <span class='ocrx_word' id='word_1_46' title='bbox 527 1394 701 1467; x_wconf 82' lang='lat' dir='ltr'>December,</span> <span class='ocrx_word' id='word_1_47' title='bbox 725 1415 760 1455; x_wconf 84' lang='lat' dir='ltr'>ex</span> <span class='ocrx_word' id='word_1_48' title='bbox 784 1414 842 1473; x_wconf 90' lang='lat' dir='ltr'>quo</span> <span class='ocrx_word' id='word_1_49' title='bbox 867 1398 963 1457; x_wconf 77' lang='lat' dir='ltr'>destiti</span> 
     </span>
     <span class='ocr_line' id='line_1_12' title="bbox 369 1479 1030 1548; baseline 0.003 -7"><span class='ocrx_word' id='word_1_50' title='bbox 369 1481 486 1541; x_wconf 89' lang='lat' dir='ltr'>lnacbia</span> <span class='ocrx_word' id='word_1_51' title='bbox 510 1481 618 1548; x_wconf 84' lang='lat' dir='ltr'>furere,</span> <span class='ocrx_word' id='word_1_52' title='bbox 641 1479 719 1540; x_wconf 90' lang='lat' dir='ltr'>silvis</span> <span class='ocrx_word' id='word_1_53' title='bbox 744 1481 886 1541; x_wconf 92' lang='lat' dir='ltr'>bonorem</span> <span class='ocrx_word' id='word_1_54' title='bbox 911 1482 1030 1543; x_wconf 85' lang='lat' dir='ltr'>decutit.</span> 
     </span>
     <span class='ocr_line' id='line_1_13' title="bbox 322 1564 1119 1645; baseline 0 -17"><span class='ocrx_word' id='word_1_55' title='bbox 322 1567 386 1628; x_wconf 82' lang='lat' dir='ltr'>lieu</span> <span class='ocrx_word' id='word_1_56' title='bbox 410 1585 466 1637; x_wconf 84' lang='lat' dir='ltr'>me,</span> <span class='ocrx_word' id='word_1_57' title='bbox 490 1584 543 1643; x_wconf 90' lang='lat' dir='ltr'>per</span> <span class='ocrx_word' id='word_1_58' title='bbox 567 1564 670 1624; x_wconf 90' lang='lat' dir='ltr'>urbem</span> <span class='ocrx_word' id='word_1_59' title='bbox 688 1584 785 1624; x_wconf 92' lang='lat' dir='ltr'>-nam</span> <span class='ocrx_word' id='word_1_60' title='bbox 810 1568 900 1645; x_wconf 87' lang='lat' dir='ltr'>pudet</span> <span class='ocrx_word' id='word_1_61' title='bbox 922 1569 995 1628; x_wconf 89' lang='lat' dir='ltr'>tanti</span> <span class='ocrx_word' id='word_1_62' title='bbox 1019 1568 1090 1628; x_wconf 91' lang='lat' dir='ltr'>mali</span> <span class='ocrx_word' id='word_1_63' title='bbox 1106 1601 1119 1612; x_wconf 95' lang='lat'>-</span> 
     </span>
     <span class='ocr_line' id='line_1_14' title="bbox 369 1649 1138 1732; baseline 0.004 -21"><span class='ocrx_word' id='word_1_64' title='bbox 369 1651 480 1711; x_wconf 87' lang='lat' dir='ltr'>Fabula</span> <span class='ocrx_word' id='word_1_65' title='bbox 504 1659 612 1728; x_wconf 89' lang='lat' dir='ltr'>quanta</span> <span class='ocrx_word' id='word_1_66' title='bbox 637 1649 692 1708; x_wconf 85' lang='lat' dir='ltr'>luil</span> <span class='ocrx_word' id='word_1_67' title='bbox 716 1650 918 1711; x_wconf 87' lang='lat' dir='ltr'>conviviorum</span> <span class='ocrx_word' id='word_1_68' title='bbox 942 1662 974 1712; x_wconf 87' lang='lat' dir='ltr'>ut</span> <span class='ocrx_word' id='word_1_69' title='bbox 996 1653 1138 1732; x_wconf 85' lang='lat' dir='ltr'>paenitet,</span> 
     </span>
     <span class='ocr_line' id='line_1_15' title="bbox 325 1733 987 1814; baseline 0.002 -18"><span class='ocrx_word' id='word_1_70' title='bbox 325 1738 359 1797; x_wconf 94' lang='lat' dir='ltr'>ln</span> <span class='ocrx_word' id='word_1_71' title='bbox 382 1737 449 1814; x_wconf 87' lang='lat' dir='ltr'>quis</span> <span class='ocrx_word' id='word_1_72' title='bbox 471 1746 616 1794; x_wconf 81' lang='lat' dir='ltr'>amantem</span> <span class='ocrx_word' id='word_1_73' title='bbox 640 1733 817 1811; x_wconf 83' lang='lat' dir='ltr'>langueret</span> <span class='ocrx_word' id='word_1_74' title='bbox 838 1736 987 1797; x_wconf 87' lang='lat' dir='ltr'>silentium</span> 
     </span>
     <span class='ocr_line' id='line_1_16' title="bbox 252 1820 1004 1900; baseline -0.001 -17"><span class='ocrx_word' id='word_1_75' title='bbox 252 1834 280 1883; x_wconf 89' lang='lat'>10</span> <span class='ocrx_word' id='word_1_76' title='bbox 366 1821 469 1899; x_wconf 84' lang='lat' dir='ltr'>Argnit</span> <span class='ocrx_word' id='word_1_77' title='bbox 492 1830 520 1880; x_wconf 90' lang='lat' dir='ltr'>et</span> <span class='ocrx_word' id='word_1_78' title='bbox 543 1820 632 1879; x_wconf 90' lang='lat' dir='ltr'>latere</span> <span class='ocrx_word' id='word_1_79' title='bbox 656 1820 764 1897; x_wconf 89' lang='lat' dir='ltr'>petitus</span> <span class='ocrx_word' id='word_1_80' title='bbox 787 1820 845 1881; x_wconf 94' lang='lat' dir='ltr'>imo</span> <span class='ocrx_word' id='word_1_81' title='bbox 869 1822 1004 1900; x_wconf 91' lang='lat' dir='ltr'>spiritusl</span> 
     </span>
     <span class='ocr_line' id='line_1_17' title="bbox 322 1900 983 1967; baseline -0.003 0"><span class='ocrx_word' id='word_1_82' title='bbox 322 1900 485 1967; x_wconf 82' lang='lat' dir='ltr'>‘Contrane</span> <span class='ocrx_word' id='word_1_83' title='bbox 507 1905 622 1965; x_wconf 90' lang='lat' dir='ltr'>lucrum</span> <span class='ocrx_word' id='word_1_84' title='bbox 648 1904 688 1963; x_wconf 92' lang='lat' dir='ltr'>nil</span> <span class='ocrx_word' id='word_1_85' title='bbox 711 1904 805 1964; x_wconf 89' lang='lat' dir='ltr'>valere</span> <span class='ocrx_word' id='word_1_86' title='bbox 828 1906 983 1965; x_wconf 90' lang='lat' dir='ltr'>candidum</span> 
     </span>
     <span class='ocr_line' id='line_1_18' title="bbox 370 1980 1152 2071; baseline 0.003 -21"><span class='ocrx_word' id='word_1_87' title='bbox 370 1990 512 2069; x_wconf 85' lang='lat' dir='ltr'>Pauperis</span> <span class='ocrx_word' id='word_1_88' title='bbox 535 1980 716 2068; x_wconf 87' lang='lat' dir='ltr'>ingeninml&#39;</span> <span class='ocrx_word' id='word_1_89' title='bbox 743 1991 888 2066; x_wconf 74' lang='lat' dir='ltr'>querebar</span> <span class='ocrx_word' id='word_1_90' title='bbox 909 1992 1068 2071; x_wconf 80' lang='lat' dir='ltr'>adplorans</span> <span class='ocrx_word' id='word_1_91' title='bbox 1091 1991 1152 2066; x_wconf 83' lang='lat' dir='ltr'>libi,</span> 
     </span>
     <span class='ocr_line' id='line_1_19' title="bbox 325 2075 896 2137; baseline -0.004 0"><span class='ocrx_word' id='word_1_92' title='bbox 325 2076 418 2137; x_wconf 91' lang='lat' dir='ltr'>Simul</span> <span class='ocrx_word' id='word_1_93' title='bbox 441 2075 561 2136; x_wconf 91' lang='lat' dir='ltr'>calentis</span> <span class='ocrx_word' id='word_1_94' title='bbox 584 2075 800 2134; x_wconf 87' lang='lat' dir='ltr'>inverecundus</span> <span class='ocrx_word' id='word_1_95' title='bbox 824 2077 896 2136; x_wconf 91' lang='lat' dir='ltr'>deus</span> 
     </span>
     <span class='ocr_line' id='line_1_20' title="bbox 369 2159 1041 2237; baseline -0.003 -16"><span class='ocrx_word' id='word_1_96' title='bbox 369 2159 537 2221; x_wconf 82' lang='lat' dir='ltr'>Fervidiore</span> <span class='ocrx_word' id='word_1_97' title='bbox 559 2178 641 2219; x_wconf 91' lang='lat' dir='ltr'>mero</span> <span class='ocrx_word' id='word_1_98' title='bbox 664 2178 768 2219; x_wconf 88' lang='lat' dir='ltr'>arcana</span> <span class='ocrx_word' id='word_1_99' title='bbox 792 2168 943 2237; x_wconf 92' lang='lat' dir='ltr'>promorat</span> <span class='ocrx_word' id='word_1_100' title='bbox 965 2159 1041 2221; x_wconf 91' lang='lat' dir='ltr'>loco.</span> 
     </span>
     <span class='ocr_line' id='line_1_21' title="bbox 254 2239 913 2323; baseline 0 -18"><span class='ocrx_word' id='word_1_101' title='bbox 254 2255 280 2306; x_wconf 77' lang='lat'>15</span> <span class='ocrx_word' id='word_1_102' title='bbox 320 2239 446 2317; x_wconf 80' lang='lat' dir='ltr'>‘Quodsi</span> <span class='ocrx_word' id='word_1_103' title='bbox 470 2246 541 2305; x_wconf 90' lang='lat' dir='ltr'>meis</span> <span class='ocrx_word' id='word_1_104' title='bbox 565 2245 710 2305; x_wconf 87' lang='lat' dir='ltr'>inaestuet</span> <span class='ocrx_word' id='word_1_105' title='bbox 733 2245 913 2323; x_wconf 79' lang='lat' dir='ltr'>praecordiis</span> 
     </span>
     <span class='ocr_line' id='line_1_22' title="bbox 371 2327 1111 2407; baseline -0.001 -17"><span class='ocrx_word' id='word_1_106' title='bbox 371 2331 475 2390; x_wconf 88' lang='lat' dir='ltr'>Libera</span> <span class='ocrx_word' id='word_1_107' title='bbox 500 2329 576 2401; x_wconf 86' lang='lat' dir='ltr'>bilis,</span> <span class='ocrx_word' id='word_1_108' title='bbox 601 2339 632 2390; x_wconf 91' lang='lat' dir='ltr'>ut</span> <span class='ocrx_word' id='word_1_109' title='bbox 655 2329 727 2389; x_wconf 89' lang='lat' dir='ltr'>baec</span> <span class='ocrx_word' id='word_1_110' title='bbox 750 2330 864 2407; x_wconf 84' lang='lat' dir='ltr'>ingrata</span> <span class='ocrx_word' id='word_1_111' title='bbox 886 2329 981 2389; x_wconf 80' lang='lat' dir='ltr'>ventis</span> <span class='ocrx_word' id='word_1_112' title='bbox 1003 2327 1111 2389; x_wconf 88' lang='lat' dir='ltr'>dividat</span> 
     </span>
     <span class='ocr_line' id='line_1_23' title="bbox 325 2414 956 2487; baseline -0.002 -12"><span class='ocrx_word' id='word_1_113' title='bbox 325 2416 477 2487; x_wconf 86' lang='lat' dir='ltr'>Fomenta,</span> <span class='ocrx_word' id='word_1_114' title='bbox 500 2417 605 2475; x_wconf 90' lang='lat' dir='ltr'>volnus</span> <span class='ocrx_word' id='word_1_115' title='bbox 628 2415 667 2474; x_wconf 91' lang='lat' dir='ltr'>nil</span> <span class='ocrx_word' id='word_1_116' title='bbox 691 2414 798 2474; x_wconf 91' lang='lat' dir='ltr'>malum</span> <span class='ocrx_word' id='word_1_117' title='bbox 823 2414 956 2485; x_wconf 79' lang='lat' dir='ltr'>levantia,</span> 
     </span>
     <span class='ocr_line' id='line_1_24' title="bbox 370 2487 1123 2579; baseline -0.003 -19"><span class='ocrx_word' id='word_1_118' title='bbox 370 2501 492 2561; x_wconf 75' lang='lat' dir='ltr'>desinet</span> <span class='ocrx_word' id='word_1_119' title='bbox 514 2498 675 2579; x_wconf 91' lang='lat' dir='ltr'>imparibus</span> <span class='ocrx_word' id='word_1_120' title='bbox 697 2508 810 2559; x_wconf 90' lang='lat' dir='ltr'>certare</span> <span class='ocrx_word' id='word_1_121' title='bbox 832 2499 987 2559; x_wconf 91' lang='lat' dir='ltr'>submotus</span> <span class='ocrx_word' id='word_1_122' title='bbox 1009 2487 1123 2578; x_wconf 70' lang='lat' dir='ltr'>pudor.²</span> 
     </span>
     <span class='ocr_line' id='line_1_25' title="bbox 323 2583 997 2663; baseline -0.003 -19"><span class='ocrx_word' id='word_1_123' title='bbox 323 2584 379 2645; x_wconf 89' lang='lat' dir='ltr'>Ubi</span> <span class='ocrx_word' id='word_1_124' title='bbox 401 2587 473 2646; x_wconf 93' lang='lat' dir='ltr'>baec</span> <span class='ocrx_word' id='word_1_125' title='bbox 495 2604 613 2646; x_wconf 88' lang='lat' dir='ltr'>severus</span> <span class='ocrx_word' id='word_1_126' title='bbox 635 2593 664 2644; x_wconf 87' lang='lat' dir='ltr'>te</span> <span class='ocrx_word' id='word_1_127' title='bbox 687 2584 781 2663; x_wconf 91' lang='lat' dir='ltr'>palam</span> <span class='ocrx_word' id='word_1_128' title='bbox 804 2583 997 2656; x_wconf 81' lang='lat' dir='ltr'>laudaveram,</span> 
     </span>
     <span class='ocr_line' id='line_1_26' title="bbox 252 2669 1086 2747; baseline -0.007 -15"><span class='ocrx_word' id='word_1_129' title='bbox 252 2681 280 2732; x_wconf 82' lang='grc'>11</span> <span class='ocrx_word' id='word_1_130' title='bbox 366 2671 466 2731; x_wconf 91' lang='lat' dir='ltr'>Iussus</span> <span class='ocrx_word' id='word_1_131' title='bbox 488 2671 568 2730; x_wconf 91' lang='lat' dir='ltr'>abire</span> <span class='ocrx_word' id='word_1_132' title='bbox 592 2669 710 2730; x_wconf 91' lang='lat' dir='ltr'>domum</span> <span class='ocrx_word' id='word_1_133' title='bbox 735 2669 850 2728; x_wconf 81' lang='lat' dir='ltr'>ferebar</span> <span class='ocrx_word' id='word_1_134' title='bbox 873 2670 987 2730; x_wconf 88' lang='lat' dir='ltr'>incerto</span> <span class='ocrx_word' id='word_1_135' title='bbox 1010 2669 1086 2747; x_wconf 91' lang='lat' dir='ltr'>pede</span> 
     </span>
     <span class='ocr_line' id='line_1_27' title="bbox 326 2754 1005 2832; baseline -0.001 -18"><span class='ocrx_word' id='word_1_136' title='bbox 326 2755 368 2815; x_wconf 76' lang='lat' dir='ltr'>bd</span> <span class='ocrx_word' id='word_1_137' title='bbox 394 2775 454 2816; x_wconf 93' lang='lat' dir='ltr'>oon</span> <span class='ocrx_word' id='word_1_138' title='bbox 477 2756 586 2815; x_wconf 90' lang='lat' dir='ltr'>amicos</span> <span class='ocrx_word' id='word_1_139' title='bbox 609 2755 666 2814; x_wconf 91' lang='lat' dir='ltr'>hen</span> <span class='ocrx_word' id='word_1_140' title='bbox 689 2754 758 2812; x_wconf 93' lang='lat' dir='ltr'>mibi</span> <span class='ocrx_word' id='word_1_141' title='bbox 784 2754 875 2832; x_wconf 83' lang='lat' dir='ltr'>postis</span> <span class='ocrx_word' id='word_1_142' title='bbox 898 2765 927 2814; x_wconf 93' lang='lat' dir='ltr'>et</span> <span class='ocrx_word' id='word_1_143' title='bbox 949 2755 1005 2813; x_wconf 89' lang='lat' dir='ltr'>ben</span> 
     </span>
     <span class='ocr_line' id='line_1_28' title="bbox 372 2837 1208 2918; baseline -0.002 -19"><span class='ocrx_word' id='word_1_144' title='bbox 372 2841 484 2900; x_wconf 77' lang='lat' dir='ltr'>limina</span> <span class='ocrx_word' id='word_1_145' title='bbox 506 2840 589 2910; x_wconf 91' lang='lat' dir='ltr'>dura,</span> <span class='ocrx_word' id='word_1_146' title='bbox 613 2837 719 2916; x_wconf 85' lang='lat' dir='ltr'>quibus</span> <span class='ocrx_word' id='word_1_147' title='bbox 742 2839 858 2900; x_wconf 88' lang='lat' dir='ltr'>lumbos</span> <span class='ocrx_word' id='word_1_148' title='bbox 880 2849 909 2900; x_wconf 89' lang='lat' dir='ltr'>et</span> <span class='ocrx_word' id='word_1_149' title='bbox 931 2839 1037 2918; x_wconf 76' lang='lat' dir='ltr'>infregi</span> <span class='ocrx_word' id='word_1_150' title='bbox 1060 2838 1141 2898; x_wconf 91' lang='lat' dir='ltr'>latus.</span> <span class='ocrx_word' id='word_1_151' title='bbox 1165 2869 1208 2880; x_wconf 93' lang='lat'>-</span> 
     </span>
     <span class='ocr_line' id='line_1_29' title="bbox 324 2923 991 3003; baseline -0.003 -18"><span class='ocrx_word' id='word_1_152' title='bbox 324 2924 411 2985; x_wconf 92' lang='lat' dir='ltr'>Nunc</span> <span class='ocrx_word' id='word_1_153' title='bbox 433 2925 586 3003; x_wconf 88' lang='lat' dir='ltr'>gloriantis</span> <span class='ocrx_word' id='word_1_154' title='bbox 608 2923 768 3001; x_wconf 88' lang='lat' dir='ltr'>quamlibet</span> <span class='ocrx_word' id='word_1_155' title='bbox 791 2923 991 2984; x_wconf 87' lang='lat' dir='ltr'>mulierculam</span> 
     </span>
     <span class='ocr_line' id='line_1_30' title="bbox 372 3008 1060 3087; baseline -0.001 -19"><span class='ocrx_word' id='word_1_156' title='bbox 372 3010 497 3070; x_wconf 87' lang='lat' dir='ltr'>Vincere</span> <span class='ocrx_word' id='word_1_157' title='bbox 519 3009 638 3069; x_wconf 89' lang='lat' dir='ltr'>mollitia</span> <span class='ocrx_word' id='word_1_158' title='bbox 662 3027 743 3068; x_wconf 92' lang='lat' dir='ltr'>amor</span> <span class='ocrx_word' id='word_1_159' title='bbox 766 3008 878 3087; x_wconf 81' lang='lat' dir='ltr'>Lycisci</span> <span class='ocrx_word' id='word_1_160' title='bbox 901 3027 948 3068; x_wconf 91' lang='lat' dir='ltr'>me</span> <span class='ocrx_word' id='word_1_161' title='bbox 970 3016 1060 3081; x_wconf 90' lang='lat' dir='ltr'>tenet,</span> 
     </span>
     <span class='ocr_line' id='line_1_31' title="bbox 254 3093 972 3173; baseline -0.001 -18"><span class='ocrx_word' id='word_1_162' title='bbox 254 3106 281 3155; x_wconf 79' lang='grc'>11</span> <span class='ocrx_word' id='word_1_163' title='bbox 327 3094 409 3155; x_wconf 91' lang='lat' dir='ltr'>Unde</span> <span class='ocrx_word' id='word_1_164' title='bbox 433 3096 570 3173; x_wconf 83' lang='lat' dir='ltr'>expedire</span> <span class='ocrx_word' id='word_1_165' title='bbox 594 3113 652 3153; x_wconf 90' lang='lat' dir='ltr'>non</span> <span class='ocrx_word' id='word_1_166' title='bbox 678 3093 838 3153; x_wconf 90' lang='lat' dir='ltr'>amicornm</span> <span class='ocrx_word' id='word_1_167' title='bbox 863 3105 972 3171; x_wconf 85' lang='lat' dir='ltr'>queant</span> 
     </span>
     <span class='ocr_line' id='line_1_32' title="bbox 373 3177 1054 3256; baseline 0 -18"><span class='ocrx_word' id='word_1_168' title='bbox 373 3177 478 3240; x_wconf 88' lang='lat' dir='ltr'>Libera</span> <span class='ocrx_word' id='word_1_169' title='bbox 503 3179 622 3239; x_wconf 86' lang='lat' dir='ltr'>consilia</span> <span class='ocrx_word' id='word_1_170' title='bbox 646 3197 702 3238; x_wconf 89' lang='lat' dir='ltr'>nec</span> <span class='ocrx_word' id='word_1_171' title='bbox 725 3178 920 3240; x_wconf 87' lang='lat' dir='ltr'>contumeliae</span> <span class='ocrx_word' id='word_1_172' title='bbox 943 3196 1054 3256; x_wconf 84' lang='lat' dir='ltr'>graves,</span> 
     </span>
     <span class='ocr_line' id='line_1_33' title="bbox 327 3262 961 3341; baseline -0.003 -17"><span class='ocrx_word' id='word_1_173' title='bbox 327 3265 383 3324; x_wconf 91' lang='lat' dir='ltr'>Sed</span> <span class='ocrx_word' id='word_1_174' title='bbox 407 3265 480 3325; x_wconf 90' lang='lat' dir='ltr'>alius</span> <span class='ocrx_word' id='word_1_175' title='bbox 504 3265 591 3323; x_wconf 91' lang='lat' dir='ltr'>ardor</span> <span class='ocrx_word' id='word_1_176' title='bbox 613 3273 662 3322; x_wconf 91' lang='lat' dir='ltr'>aot</span> <span class='ocrx_word' id='word_1_177' title='bbox 684 3262 798 3341; x_wconf 91' lang='lat' dir='ltr'>puellae</span> <span class='ocrx_word' id='word_1_178' title='bbox 822 3263 961 3323; x_wconf 89' lang='lat' dir='ltr'>candidae</span> 
     </span>
     <span class='ocr_line' id='line_1_34' title="bbox 372 3348 1133 3428; baseline -0.008 -20"><span class='ocrx_word' id='word_1_179' title='bbox 372 3349 429 3409; x_wconf 79' lang='grc'><strong>1111</strong></span> <span class='ocrx_word' id='word_1_180' title='bbox 452 3351 550 3410; x_wconf 87' lang='lat' dir='ltr'>teretis</span> <span class='ocrx_word' id='word_1_181' title='bbox 573 3349 657 3428; x_wconf 91' lang='lat' dir='ltr'>pueri</span> <span class='ocrx_word' id='word_1_182' title='bbox 680 3348 798 3425; x_wconf 83' lang='lat' dir='ltr'>longam</span> <span class='ocrx_word' id='word_1_183' title='bbox 821 3348 992 3409; x_wconf 89' lang='lat' dir='ltr'>renodantis</span> <span class='ocrx_word' id='word_1_184' title='bbox 1013 3362 1133 3408; x_wconf 92' lang='lat' dir='ltr'>comam.</span> 
     </span>
    </p>
   </div>
   <div class='ocr_carea' id='block_1_5' title="bbox 196 3531 1218 3732">
    <p class='ocr_par' dir='ltr' id='par_1_5' title="bbox 196 3531 1218 3732">
     <span class='ocr_line' id='line_1_35' title="bbox 282 3531 696 3594; baseline -0.002 -12"><span class='ocrx_word' id='word_1_185' title='bbox 282 3533 304 3582; x_wconf 85' lang='lat' dir='ltr'>x</span> <span class='ocrx_word' id='word_1_186' title='bbox 324 3549 346 3583; x_wconf 87' lang='lat' dir='ltr'>o.</span> <span class='ocrx_word' id='word_1_187' title='bbox 365 3535 397 3584; x_wconf 89' lang='grc'>11</span> <span class='ocrx_word' id='word_1_188' title='bbox 416 3531 519 3593; x_wconf 88' lang='lat' dir='ltr'>iuveris]</span> <span class='ocrx_word' id='word_1_189' title='bbox 538 3533 584 3594; x_wconf 85' lang='lat' dir='ltr'>(n):</span> <span class='ocrx_word' id='word_1_190' title='bbox 603 3531 696 3582; x_wconf 88' lang='lat' dir='ltr'>iuuerit</span> 
     </span>
     <span class='ocr_line' id='line_1_36' title="bbox 281 3585 1218 3665; baseline -0.007 -15"><span class='ocrx_word' id='word_1_191' title='bbox 281 3600 314 3651; x_wconf 83' lang='grc'>111</span> <span class='ocrx_word' id='word_1_192' title='bbox 332 3616 355 3653; x_wconf 87' lang='lat' dir='ltr'>o.</span> <span class='ocrx_word' id='word_1_193' title='bbox 375 3602 390 3652; x_wconf 90' lang='grc'>1</span> <span class='ocrx_word' id='word_1_194' title='bbox 408 3599 551 3665; x_wconf 88' lang='lat' dir='ltr'>perculsum</span> <span class='ocrx_word' id='word_1_195' title='bbox 572 3601 576 3665; x_wconf 89' lang='grc' dir='ltr'>Ι</span> <span class='ocrx_word' id='word_1_196' title='bbox 597 3602 611 3652; x_wconf 87' lang='grc'>8</span> <span class='ocrx_word' id='word_1_197' title='bbox 630 3602 666 3660; x_wconf 89' lang='grc'>11]</span> <span class='ocrx_word' id='word_1_198' title='bbox 687 3599 782 3650; x_wconf 82' lang='lat' dir='ltr'>Bentl:</span> <span class='ocrx_word' id='word_1_199' title='bbox 801 3603 826 3650; x_wconf 88' lang='lat' dir='ltr'>et</span> <span class='ocrx_word' id='word_1_200' title='bbox 850 3599 854 3665; x_wconf 92' lang='grc' dir='ltr'>Ι</span> <span class='ocrx_word' id='word_1_201' title='bbox 879 3601 912 3651; x_wconf 87' lang='grc'>14</span> <span class='ocrx_word' id='word_1_202' title='bbox 929 3597 1037 3650; x_wconf 89' lang='lat' dir='ltr'>mollitie</span> <span class='ocrx_word' id='word_1_203' title='bbox 1056 3597 1090 3661; x_wconf 84' lang='lat' dir='ltr'>(o)</span> <span class='ocrx_word' id='word_1_204' title='bbox 1109 3594 1115 3661; x_wconf 89' lang='grc' dir='ltr'>Ι</span> <span class='ocrx_word' id='word_1_205' title='bbox 1132 3585 1218 3643; x_wconf 78' lang='grc'><strong>1111111</strong></span> 
     </span>
     <span class='ocr_line' id='line_1_37' title="bbox 196 3668 721 3732; baseline 0.004 -15"><span class='ocrx_word' id='word_1_206' title='bbox 196 3669 262 3721; x_wconf 84' lang='lat' dir='ltr'>alius</span> <span class='ocrx_word' id='word_1_207' title='bbox 280 3669 312 3720; x_wconf 88' lang='lat' dir='ltr'><em>M</em></span> <span class='ocrx_word' id='word_1_208' title='bbox 328 3670 400 3731; x_wconf 79' lang='lat'><strong>1882,</strong></span> <span class='ocrx_word' id='word_1_209' title='bbox 419 3670 466 3718; x_wconf 83' lang='lat' dir='ltr'>nbi</span> <span class='ocrx_word' id='word_1_210' title='bbox 483 3684 505 3717; x_wconf 89' lang='lat' dir='ltr'>o.</span> <span class='ocrx_word' id='word_1_211' title='bbox 525 3668 595 3732; x_wconf 70' lang='lat' dir='ltr'>adm,</span> <span class='ocrx_word' id='word_1_212' title='bbox 613 3673 638 3718; x_wconf 80' lang='lat' dir='ltr'>ei</span> <span class='ocrx_word' id='word_1_213' title='bbox 657 3669 721 3719; x_wconf 88' lang='grc'><strong>1886</strong></span> 
     </span>
    </p>
   </div>
   <div class='ocr_carea' id='block_1_6' title="bbox 0 0 1249 4440">
    <p class='ocr_par' dir='ltr' id='par_1_6' title="bbox 0 0 1249 4440">
     <span class='ocr_line' id='line_1_38' title="bbox 0 0 1249 4440; baseline 0 0"><span class='ocrx_word' id='word_1_214' title='bbox 0 0 1249 4440; x_wconf 95' lang='lat' dir='ltr'> </span> 
     </span>
    </p>
   </div>
  </div>
 </body>
</html>
