2474 4440
512 234 552 286 nn
571 234 658 286 iarn
675 208 822 289 nonnos.

218 409 249 469 Si
271 427 401 488 possum,
424 409 566 484 invideor,
589 426 656 468 cum
680 409 779 488 lingua
802 408 921 470 Catonis
943 421 972 470 et
994 408 1074 470 Enni

219 495 391 555 Sermonem
415 494 543 572 patrium
566 493 700 554 ditaverit
722 505 751 554 et
773 513 846 554 nova
870 512 970 554 rernm

218 579 342 640 Nomina
365 577 544 658 protulerit?
566 579 649 639 licuit
670 597 846 658 semperque
868 578 968 639 licebit

218 665 373 743 Signatum
394 672 551 743 praesente
575 673 644 724 nota
666 665 830 742 producere
854 682 974 724 nomen.

219 749 257 811 Ut
279 749 365 810 silvae
388 749 464 811 loliis
486 768 599 828 pronos
621 758 773 809 mutantur
795 749 824 809 in
849 767 954 820 annos,

218 835 314 894 Prima
338 835 456 907 cadunt,
478 835 517 896 ita
539 834 698 895 verborum
721 843 804 894 vetus
826 834 928 894 interit
949 843 1038 908 aetas,

218 919 255 979 Et
277 921 415 980 iuvenum
438 919 497 979 ritu
518 919 628 980 florent
648 918 736 979 modo
759 928 828 978 nata
848 918 1017 997 vigentque.

217 1005 367 1065 Debemur
387 1005 475 1065 morti
499 1024 553 1065 nos
576 1013 745 1082 nostraque.
791 1003 856 1064 Sive
879 1012 1016 1084 receptus

218 1090 309 1150 Terra
331 1090 487 1168 Neptunus
508 1089 608 1150 classis
629 1088 826 1167 Aquilonibus
848 1098 937 1162 arcet,

218 1175 306 1252 Regis
329 1193 414 1253 opus,
437 1174 578 1235 sterilisve
602 1174 685 1252 palus
707 1173 756 1234 diu
779 1183 906 1252 aptaque
929 1175 1018 1234 remis

217 1259 335 1320 Vicinus
357 1259 440 1320 urbis
462 1259 512 1320 alit
534 1268 564 1319 et
584 1277 672 1339 grave
693 1259 784 1319 sentit
805 1267 943 1332 aratrum,

218 1346 276 1406 Seu
299 1362 419 1405 cursum
442 1345 563 1405 mutavit
584 1344 719 1422 iniquum
741 1343 876 1423 frugibus
898 1343 1002 1416 amnis,

217 1431 328 1491 Doctus
350 1430 406 1489 iter
428 1429 548 1490 melius:
572 1429 705 1490 mortalia
728 1429 804 1489 lacta
825 1428 975 1507 peribunt,

217 1515 331 1575 Nedum
353 1532 523 1575 sermonum
547 1523 604 1576 stet
625 1514 722 1574 honos
745 1521 774 1573 et
795 1514 886 1591 gratia
908 1513 999 1574 vivax.

218 1598 307 1660 llulta
330 1607 527 1660 renascentur
548 1617 623 1678 quae
645 1599 702 1658 iam
725 1598 869 1672 cecidere,
892 1598 1059 1677 cadentque

219 1684 300 1755 Quae
323 1702 404 1745 nunc
426 1685 548 1745 suntin
571 1685 686 1745 honore
707 1683 858 1756 vocabula,
880 1683 904 1744 si
927 1684 1005 1744 volet
1028 1703 1110 1759 usus,

220 1769 316 1840 Quem
337 1787 430 1848 penes
453 1769 607 1829 arbitrium
630 1778 675 1830 est
696 1777 726 1828 et
747 1769 793 1830 ius
815 1777 845 1829 et
866 1786 970 1829 norma
992 1769 1147 1848 loquendi.
1167 1804 1210 1815 -

217 1854 276 1915 Res
297 1863 397 1931 gestae
418 1871 583 1933 regumque
605 1854 773 1932 ducumque
795 1863 825 1914 et
846 1853 940 1914 tristia
964 1853 1039 1915 bella

218 1939 284 2010 Quo
308 1938 398 2000 scribi
421 1949 544 2018 possent
565 1957 700 2013 numero,
723 1938 898 1999 monstravit
919 1938 1077 2000 Homerus.

189 2052 195 2064 ·
218 2023 358 2085 Versibus
380 2024 532 2103 impariter
553 2024 661 2085 iunctis
682 2023 867 2103 querimonia
889 2024 1028 2102 primum,
1100 2066 1104 2072 -

217 2109 288 2169 Post
309 2109 396 2169 etiam
418 2109 533 2169 inclusa
555 2118 599 2170 est
620 2109 680 2170 voti
701 2108 847 2170 sententia
869 2126 1006 2188 compos3

218 2192 291 2264 Quis
312 2201 411 2253 tamen
434 2193 556 2272 exiguos
578 2194 678 2272 elegos
700 2194 830 2255 emiserit
851 2202 964 2266 auctor,

218 2277 404 2339 Grammatici
427 2287 543 2339 certant
566 2287 596 2339 et
618 2279 713 2340 adhuc
735 2278 792 2340 suh
815 2279 911 2340 iudice
931 2279 968 2340 lis
991 2287 1045 2339 est.

216 2363 425 2424 Archilochum
447 2364 570 2442 proprio
593 2363 689 2425 rabies
710 2364 832 2425 armavit
854 2363 967 2438 iambo;

130 2460 160 2512 80
217 2448 305 2508 Hunc
328 2448 407 2509 socci
429 2465 537 2527 cepere
558 2449 663 2528 pedem
687 2449 872 2529 grandesque
895 2447 1034 2510 cothurni

216 2533 345 2594 Alternis
367 2541 468 2612 aptum
491 2535 680 2595 sermonibus
702 2543 732 2594 et
752 2534 905 2613 popularis

215 2619 390 2679 Vincentem
414 2619 554 2697 strepitus
576 2629 606 2680 et
629 2628 731 2681 natum
754 2619 844 2680 rebus
866 2619 997 2699 agendis.

216 2704 298 2765 llusa
321 2703 401 2764 dedit
421 2703 529 2766 fidibus
551 2704 633 2766 divos
654 2722 822 2783 puerosque
844 2704 967 2764 deorum

216 2788 253 2849 Et
274 2789 405 2868 pugilem
426 2789 568 2850 victorem
591 2799 621 2850 et
643 2807 752 2868 equum
775 2789 936 2849 certamine
959 2787 1090 2868 primum

130 2884 160 2936 et
218 2873 255 2934 Et
276 2875 416 2934 iuvenum
439 2891 525 2936 curas
547 2882 577 2935 et
598 2874 689 2935 libera
711 2874 778 2935 vina
801 2876 922 2934 referre.

218 2959 385 3038 Descriptas
407 2977 524 3020 servare
545 2959 625 3020 vices
647 2976 830 3038 operumque
853 2958 968 3020 colores

216 3043 276 3104 Cur
297 3063 352 3123 ego
375 3044 398 3104 si
422 3062 539 3122 nequeo
561 3045 727 3123 ignoroque
748 3053 835 3123 poeta
857 3040 991 3105 salutor‘l

217 3128 277 3190 Cur
298 3129 415 3190 nescire
436 3129 553 3207 pudens
574 3147 663 3208 prave
685 3147 774 3208 quam
796 3128 909 3190 discere
931 3124 1032 3189 malo‘l
1055 3162 1100 3174 -

215 3212 357 3275 Versibus
379 3214 488 3293 exponi
510 3214 629 3293 tragicis
651 3231 699 3275 res
721 3214 834 3275 comica
858 3232 918 3274 non
942 3213 1019 3289 volt;

130 3317 160 3368 90
218 3298 394 3377 Indignatur
415 3299 484 3360 item
507 3299 628 3378 privatis
650 3317 685 3360 ac
706 3316 802 3378 prope
823 3317 912 3359 socco

217 3383 320 3461 llignis
342 3383 522 3445 carminibus
546 3385 659 3445 narrari
682 3401 754 3444 cena
777 3384 937 3465 Thyestae3

216 3467 337 3546 Singula
359 3487 493 3548 quaeque
515 3468 613 3530 locum
637 3477 759 3530 teneant
779 3469 883 3531 sortita
905 3470 1073 3530 decentem.

130 3586 333 3598 —u———-

216 3669 240 3706 v.
259 3656 291 3705 59
310 3650 451 3719 procudere
468 3653 516 3719 (υ);
539 3652 640 3705 urano.
659 3651 796 3718 mounes,
814 3652 864 3702 alii
880 3667 924 3718 ap.
942 3651 1030 3702 Bentl.
1050 3651 1054 3716 Ι
1076 3666 1213 3707 nummum

130 3721 266 3782 boislaus,
285 3721 371 3772 Bentl.
398 3720 402 3787 Ι
430 3722 462 3773 63
481 3718 605 3773 dehemus
624 3722 659 3786 (v)
682 3720 688 3788 Ι
715 3723 747 3774 65
766 3720 912 3787 sterilisque
938 3718 944 3786 Ι
970 3718 1045 3787 palus
1063 3719 1121 3787 diu]
1139 3719 1209 3777 tlt

132 3788 275 3840 Gesnems:
302 3789 344 3840 diu
371 3788 445 3854 palus
466 3805 481 3839 o
507 3787 552 3853 (cs.
578 3789 766 3841 Fleckeisenuc
792 3805 856 3843 con.
883 3789 953 3854 phil.
976 3790 1006 3840 61
1030 3803 1057 3854 p.
1084 3793 1119 3844 46
1152 3789 1209 3842 coll.

126 3873 165 3990 p.)
175 3861 210 3975 413
220 3859 286 3923 sqq.)
305 3857 379 3923 palus
397 3857 467 3923 prins
485 3856 572 3910 Bentl.
588 3858 593 3922 l
609 3858 640 3908 65
659 3865 752 3922 aptane
768 3857 821 3925 172
839 3857 879 3910 uis
890 3858 926 3923 (v)
941 3856 947 3924 Ι
962 3858 995 3910 92
1013 3854 1164 3924 decentem]
1176 3857 1211 3910 B*

139 3941 176 3975 o:
213 3931 315 3976 ecenter
