2474 4440
100 237 162 298 182
504 241 694 294 sartandum
711 243 729 294 ll
748 245 772 297 8.

181 413 219 474 Ut
241 414 339 487 modo,
361 414 386 474 si
408 413 536 494 patinam
560 413 634 492 pede
657 414 756 493 lapsus
778 416 894 494 frangat
917 435 1016 495 agaso,

185 498 242 560 Sed
264 499 466 571 convivatoris,
490 498 532 557 uti
555 499 647 570 ducis,
670 500 821 577 ingenium
846 519 894 562 res

182 584 325 645 Advorsae
348 583 459 643 nudare
482 583 587 653 solent,
611 584 705 644 celare
727 580 903 646 secundae.''

100 679 128 730 '15
184 668 359 730 Nasidienus
381 668 417 728 ad
439 669 511 728 hacc
531 661 608 728 “tibi
632 669 670 743 di,
694 688 899 749 quaecumque
921 671 1063 749 preceris,

180 753 338 815 Commoda
361 754 441 824 dent,
463 753 502 813 ita
525 753 569 812 vir
590 752 688 814 bonus
709 773 741 815 es
763 756 944 835 convivaque
968 751 1092 831 comiS,”

180 838 218 899 Et
239 840 334 900 soleas
355 840 459 918 poscit.
503 838 577 897 Tum
601 838 630 898 in
654 839 729 900 lecto
754 858 871 918 quoque
894 841 1011 904 videres

180 924 310 985 Stridore
332 932 445 984 secreta
467 923 574 983 divisos
595 941 666 984 aure
688 919 844 986 susurros?

180 1009 282 1070 Nullos
304 1008 350 1070 his
372 1008 487 1069 mallem
509 1008 594 1068 ludos
616 1018 780 1087 spectasse3
805 1010 857 1070 sed
879 1011 927 1072 illa

94 1101 123 1154 80
182 1094 292 1167 Redde,
315 1112 378 1172 age,
401 1111 477 1172 quae
499 1092 639 1174 deinceps
661 1094 758 1155 risisti.
791 1088 939 1157 ‘Vibidius
963 1095 1033 1155 dum

181 1178 303 1250 Quaerit
325 1178 361 1240 de
382 1178 493 1257 pueris,
517 1196 589 1238 num
611 1178 653 1238 sit·
670 1197 790 1258 quoque
812 1181 902 1241 lracta
927 1182 1059 1260 lagoena,

179 1263 265 1335 Quod
287 1264 342 1325 sibi
364 1263 499 1342 poscenti
523 1282 583 1322 non
606 1263 714 1324 dantur
737 1265 852 1343 pocula,
876 1265 1007 1344 dumque

179 1348 305 1409 Ridetur
325 1349 401 1409 fictis
422 1366 522 1408 rerum
544 1348 701 1409 Balatrone
723 1349 863 1423 secundo,

182 1434 347 1507 Nasidione,
370 1433 447 1494 redis
469 1441 596 1493 mutatae
619 1434 737 1506 frontis,
760 1443 793 1494 ut
816 1443 878 1495 arte

92 1527 120 1578 85
181 1517 400 1579 Emendaturus
421 1519 586 1594 fortunam;
610 1518 716 1579 deinde
738 1520 831 1579 secuti
876 1531 878 1535 ·

178 1602 351 1664 blazonomo
373 1603 459 1682 pueri
480 1621 589 1683 magno
612 1604 756 1683 discerpta
779 1605 909 1665 ferentes

178 1688 309 1749 Membra
331 1689 412 1767 gruis
434 1689 529 1769 sparsi
551 1689 610 1749 sale
632 1689 733 1763 multo,
757 1708 817 1749 non
842 1690 906 1750 sine
929 1690 1014 1760 larre,

177 1773 340 1852 Pinguibus
362 1782 392 1834 et
412 1774 476 1834 ficis
498 1781 613 1853 pastum
635 1774 717 1834 iecur
738 1774 851 1835 anseris
872 1773 954 1834 albae
1054 1819 1056 1822 ψ

177 1857 216 1918 Et
237 1859 372 1938 leporum
395 1859 519 1932 avulsos,
542 1867 576 1919 ut
598 1859 689 1919 multo
712 1859 837 1930 suavius,
861 1877 968 1931 armos,

90 1951 121 2002 to
178 1942 272 2014 Quam
294 1944 318 2006 si
341 1962 409 2004 cum
431 1943 539 2004 lumbis
561 1944 627 2022 quis
649 1943 717 2003 edit.
761 1943 835 2004 Tum
859 1952 980 2023 pectore
1001 1944 1093 2005 adusto

177 2027 310 2090 Vidimus
331 2037 361 2088 et
382 2028 509 2090 merulas
531 2029 603 2107 poni
627 2038 656 2089 et
678 2029 742 2089 sine
765 2029 852 2089 clune
873 2029 1025 2108 palumbis,

178 2113 281 2174 Suavis
302 2132 361 2187 res,
383 2114 407 2174 si
430 2132 491 2173 non
514 2131 616 2173 causas
639 2123 771 2173 narraret
795 2131 894 2175 earum
918 2123 947 2174 et

180 2196 307 2259 Naturas
328 2199 476 2270 dominus,
499 2216 587 2276 quem
610 2217 665 2258 nos
688 2199 730 2258 sic
751 2199 880 2277 fugimus
903 2199 965 2272 ulti,

177 2281 216 2342 Ut
238 2283 312 2344 nihil
334 2283 456 2343 omnino
479 2292 673 2361 gustaremus,
695 2283 774 2344 velut
797 2283 854 2344 illis

91 2367 137 2427 95‘
179 2366 299 2429 Canidia
320 2368 454 2429 adtlasset
476 2367 560 2447 peior
582 2369 771 2446 serpentibus
792 2359 886 2429 liris?

91 2487 298 2499 ----..

176 2551 229 2605 lllll
247 2570 272 2606 v.
291 2556 322 2605 '15
341 2552 453 2619 precaris
468 2552 472 2619 l
489 2553 521 2621 82
540 2551 631 2603 dentur
646 2551 651 2617 Ι
667 2553 699 2604 88
717 2551 800 2615 albae]
819 2552 855 2603 13⁶
872 2553 920 2617 (v):
939 2551 991 2603 albi
1006 2551 1010 2618 Ι
1024 2554 1054 2606 95
1073 2548 1117 2602 atria
