2474 4440
179 194 240 290 2318
556 234 598 286 ΒΕ
615 234 703 288 ARTE
721 235 866 290 bonulus.

262 405 361 468 Nolito
384 408 420 468 ad
441 425 543 469 versus
565 407 618 468 tibi
639 409 732 468 laotos
754 408 862 470 ducere
884 408 1006 488 plenum

263 490 418 566 Laetitiae3
442 492 578 553 clamabit
599 493 679 553 enim
697 485 844 571 ‘pulchra
867 493 953 568 benc,
976 489 1079 567 recte'‚

264 575 406 638 Pallescet
427 595 518 656 super
539 578 593 652 his,
617 578 703 639 etiam
726 576 847 639 stillabit
869 579 970 640 amicis

177 670 220 722 tto
263 660 307 721 Ex
330 662 423 723 oculis
445 679 553 736 rorem,
577 663 668 734 saliet,
692 663 796 723 tundet
818 664 892 742 pede
914 672 1034 726 terram.

262 745 300 806 Ut
322 748 372 826 qui
395 746 534 808 conducti
557 747 675 826 plorant
696 749 726 808 in
749 749 854 809 funere
877 749 979 809 dicunt

262 831 300 892 Et
321 833 433 893 laciunt
455 850 549 911 prope
570 832 655 911 plura
678 832 847 895 dolentibus
869 834 1033 907 exanimo,
1056 836 1099 896 sic

261 916 380 978 Derisor
401 935 471 978 vero
493 917 560 996 plus
582 917 732 978 laudatore
754 929 897 979 movetur.

261 1001 357 1080 Reges
378 1002 519 1064 dicuntur
540 1003 640 1063 multis
664 1021 769 1082 urgere
791 1003 896 1063 culillis

260 1085 298 1146 Et
319 1097 459 1165 torquere
481 1106 572 1156 mero,
596 1106 684 1166 quom
707 1089 892 1166 perspexisse
914 1086 1060 1160 laborant,

259 1172 304 1230 dn
328 1172 366 1233 sit
386 1172 511 1233 amicitia
534 1172 655 1251 dignus;
679 1173 703 1234 si
726 1173 856 1234 carmina
878 1173 998 1247 condes,

259 1256 425 1336 Numquam
446 1266 476 1318 te
499 1256 601 1318 sallent
621 1258 710 1318 animi
732 1257 788 1319 sub
810 1258 896 1337 volpe
918 1257 1052 1320 latentes.
1077 1296 1120 1306 -

260 1340 404 1411 Quintilio
426 1341 523 1420 siquid
545 1343 695 1416 recitares,
714 1336 852 1422 ‘corrige
875 1345 970 1415 sodes,

259 1421 331 1488 lloc’
356 1427 451 1488 aiebat
468 1420 512 1488 ‘et
533 1421 611 1502 boc';
634 1428 738 1489 mebus
760 1437 789 1488 te
811 1447 898 1505 possa
921 1445 1055 1507 negares,

259 1512 308 1573 Bis
330 1521 435 1591 terque
457 1521 612 1591 expertum
634 1513 757 1574 frustra:
781 1513 879 1573 delere
901 1512 1020 1574 iubebat

258 1597 295 1658 Et
316 1599 392 1658 male
415 1597 670 1659 tornatosincudi
692 1597 816 1658 reddere
839 1614 949 1659 versus.

259 1683 290 1743 si
312 1683 470 1744 dolendore
492 1683 631 1744 delictum
654 1701 740 1761 quam
762 1691 877 1744 vertere
899 1681 1009 1758 malles,

257 1768 375 1829 Nullum
398 1769 474 1829 ultra
497 1767 618 1830 verbum
642 1776 691 1829 aut
714 1786 832 1847 operam
856 1768 1024 1829 insumebat
1046 1769 1177 1844 inanem,

258 1853 336 1924 Quin
361 1854 425 1914 sine
448 1853 528 1914 rirab
551 1861 640 1932 teque
663 1864 692 1914 et
714 1861 763 1914 tua
786 1853 866 1914 solus
888 1871 1008 1914 amaras.

256 1937 308 1999 Vir
329 1939 427 2000 bonus
449 1948 478 1999 et
500 1938 633 2017 prudens
654 1955 757 2000 versus
778 1937 977 2017 reprehendet
997 1938 1114 2012 inertis,

257 2022 392 2103 Culpabit
415 2023 513 2094 duros,
536 2023 695 2102 incomptis
718 2023 830 2084 adlinet
851 2031 947 2083 atrum

255 2109 434 2170 Transverso
458 2108 567 2169 calamo
591 2109 719 2186 signum,
742 2107 894 2169 ambitiosa
916 2106 1028 2168 recidet

256 2193 447 2266 ornamenta,
469 2211 573 2272 parum
597 2192 683 2254 claris
705 2192 800 2253 lucem
824 2192 893 2252 dare
915 2202 1010 2271 coget,
1051 2268 1056 2277 ι

256 2281 368 2357 Arguet
390 2277 526 2356 ambigue
548 2276 669 2350 dictum,
692 2277 829 2337 mutanda
854 2276 975 2350 notabit,

256 2364 321 2424 Fiet
342 2363 530 2425 Aristarchus
553 2381 609 2423 nec
631 2363 707 2423 dicet
725 2355 793 2422 ‘cur
815 2380 870 2440 ego
893 2361 1017 2422 amicum

256 2449 411 2510 Offendam
434 2449 464 2509 in
488 2438 623 2526 nugisl':
646 2448 702 2509 hae
725 2465 821 2526 nugae
843 2447 919 2508 seria
942 2446 1052 2507 ducent

256 2535 289 2595 ln
313 2535 388 2594 mala
410 2533 537 2594 derisum
560 2533 651 2594 semel
674 2541 889 2611 exceptumque
912 2531 1042 2593 sinistre.
1066 2565 1108 2576 -

255 2619 294 2680 Ut
315 2619 390 2680 mala
414 2637 501 2699 quem
524 2618 636 2680 scabies
658 2626 708 2678 aut
729 2617 851 2678 morbus
874 2619 972 2696 regins
994 2627 1080 2695 urget

254 2707 313 2765 Aut
335 2705 479 2765 fanaticus
501 2720 587 2764 error
609 2711 637 2763 et
660 2703 798 2764 iracunda
821 2702 923 2776 Diana,

169 2805 212 2856 455
255 2790 403 2852 Vesanum
426 2788 555 2867 tetigisse
579 2788 684 2848 timent
705 2788 881 2866 fugiuntque
904 2796 1021 2866 poetam

255 2874 313 2945 Oui
335 2875 468 2953 sapiunt;
492 2873 602 2953 agitant
623 2873 709 2951 pueri
730 2872 901 2951 incautique
923 2881 1074 2932 secuntur.

254 2959 310 3021 llic
332 2959 400 3020 dum
424 2958 557 3020 sublimis
579 2975 681 3019 versus
702 2965 836 3019 ructatur
858 2966 887 3018 et
909 2965 997 3029 errat,

255 3046 286 3107 Si
310 3044 396 3106 veluti
419 3043 540 3105 mendis
563 3043 696 3104 intentus
718 3042 825 3104 decidit
845 3059 954 3120 auceps

252 3131 286 3191 ln
310 3139 431 3209 puteum
454 3130 611 3200 loreamve‚
635 3127 703 3188 licet
721 3121 906 3189 ‘succurrite'
930 3126 1052 3206 longum

165 3228 209 3278 tou
253 3216 364 3277 Clamet
382 3207 424 3275 ‘io
448 3210 548 3287 cives',
571 3231 632 3273 non
655 3213 693 3274 sit
715 3213 765 3291 qui
788 3212 892 3273 tollore
915 3220 1007 3272 curet.

251 3301 282 3362 Si
305 3307 388 3361 curet
410 3299 476 3378 quis
498 3317 586 3377 opem
607 3298 686 3358 ferre
708 3307 738 3359 ct
758 3297 911 3358 demittere
934 3298 1047 3369 lucem,

249 3379 321 3455 ‘Qui
344 3385 410 3457 scis,
433 3402 470 3445 an
493 3383 626 3462 prudens
647 3383 706 3443 buc
728 3401 759 3444 se
780 3382 940 3461 proiecerit
961 3391 1049 3460 atque

253 3469 367 3531 Servari
390 3465 503 3530 nolitl'
528 3468 623 3529 dicam
646 3467 796 3546 Siculique
819 3475 922 3546 poetae

251 3739 274 3774 v.
294 3723 343 3774 429
362 3735 439 3787 super
458 3719 507 3783 bis,
525 3719 612 3783 etiam]
631 3719 706 3770 libri:
730 3734 816 3785 ,super
840 3717 880 3769 bis
906 3716 983 3769 etiam
1005 3716 1040 3769 al.
1067 3715 1071 3772 l
1098 3718 1147 3769 431
1172 3729 1233 3781 quar

165 3791 306 3843 conductae
332 3789 383 3840 lar.
401 3787 546 3839 Markland
572 3789 608 3838 ad
633 3788 731 3839 calcem
761 3786 801 3839 ed.
829 3786 895 3837 Eur.
922 3785 1078 3850 Supplicum
1103 3801 1130 3850 p.
1155 3784 1205 3836 256
1231 3781 1233 3851 l

165 3862 215 3913 435
234 3859 351 3910 laborent
366 3859 370 3921 Ι
386 3858 434 3909 tar
454 3855 544 3906 fallant
560 3856 596 3919 (v)
611 3855 615 3922 Ι
631 3858 678 3908 441
699 3860 743 3906 aut
762 3854 792 3907 G.
812 3854 917 3919 Krir'ger
936 3853 941 3919 Ι
963 3855 1013 3906 450
1031 3867 1083 3904 non
1104 3853 1109 3920 Ι
1129 3855 1180 3905 455
1199 3851 1233 3903 lu·

165 3929 286 3995 gientque
302 3927 306 3989 Ι
323 3927 373 3978 458
392 3924 423 3986 si]
441 3924 488 3988 lul:
508 3923 545 3975 sic
560 3925 565 3990 Ι
580 3924 630 3975 tua
648 3923 768 3975 deiecerit
