2474 4440
401 214 572 268 CARMlNUlll
590 215 624 267 lV
644 221 683 270 ll.

138 384 213 455 Quid
238 385 330 446 llarte
352 384 477 464 posses‘.l
500 387 591 448 milite
615 406 682 448 nam
706 398 756 449 tuo

139 470 250 532 Drusus
273 469 440 546 Genaunes,
464 472 652 551 implacidum
675 492 778 552 genus,

186 556 379 633 Breunosque
401 556 509 617 velocis
532 567 561 616 et
582 559 659 618 arcis

235 641 359 719 Alpibus
381 642 532 720 impositas
554 642 718 703 tremendis

138 758 249 820 Deiecit
270 777 338 820 acer
360 759 429 838 plus
451 760 514 820 vice
536 759 671 838 simplici.

139 843 231 904 Maior
253 844 406 904 Neronum
430 863 497 905 mox
520 863 608 922 grave
631 844 778 924 proelium

187 929 331 990 Conmisit
353 930 540 1008 inmanisque
563 930 670 990 Raetos

237 1015 383 1093 Auspiciis
406 1016 520 1094 pepulit
542 1015 689 1088 secundis,

142 1131 327 1210 Spectandus
350 1133 379 1193 in
404 1133 564 1192 certamine
587 1132 691 1193 Martio

140 1216 249 1279 Devota
273 1218 360 1278 morti
383 1228 503 1297 pectora
525 1216 635 1277 liberae

188 1303 313 1374 Quantis
336 1303 470 1382 fatigaret
492 1302 596 1375 ruinis

238 1389 399 1449 Indomitas
421 1405 515 1466 prope
538 1387 632 1464 qualis
654 1387 748 1447 undas

142 1503 269 1566 Exercet
289 1508 396 1567 Auster
420 1505 570 1565 Pleiadum
593 1504 685 1565 choro

143 1589 308 1652 Scindente
332 1591 428 1664 nubis,
452 1591 577 1669 impiger
599 1591 728 1651 hostium

191 1676 304 1736 Velare
328 1685 440 1735 turmas
463 1686 491 1736 et
513 1677 688 1735 frementem

241 1761 355 1821 Mittere
379 1778 488 1838 equum
512 1761 623 1820 medios
646 1778 700 1838 per
722 1759 807 1837 ignis.

145 1877 192 1937 Sic
215 1880 395 1941 tauriformis
421 1878 545 1939 volvitur
568 1879 697 1950 Aufidus,

146 1962 202 2032 Qut
225 1983 316 2044 regna
339 1965 433 2024 banni
457 1965 591 2041 praefluit
614 1963 710 2042 Apuli,

193 2049 266 2110 Cum
289 2051 378 2110 saevit
400 2048 638 2126 horrendamque
661 2049 747 2109 cultis

242 2134 385 2194 Diluviem
410 2134 567 2193 meditatur
590 2134 676 2212 agris,

152 2252 189 2312 Ut
212 2252 404 2313 barbarorum
428 2252 564 2312 Claudius
587 2250 703 2326 agmina

151 2337 273 2398 Ferrato
295 2348 375 2398 vasto
399 2337 488 2396 diruit
510 2337 621 2415 impetu
666 2350 667 2354 ’

197 2423 370 2502 Primosque
394 2433 422 2483 et
445 2432 592 2481 extremos
615 2420 753 2480 metendo

248 2508 354 2568 Stravit
375 2507 498 2568 humum
521 2507 585 2566 sine
609 2506 689 2565 clade
712 2505 812 2578 victor,

150 2624 191 2684 Te
214 2627 322 2704 copias,
345 2635 374 2685 te
397 2624 552 2685 consilium
576 2633 605 2683 et
628 2634 694 2683 tuos

150 2709 312 2770 Praebente
335 2710 425 2770 divos.
469 2710 533 2770 Non
558 2709 610 2768 tibi
633 2726 691 2785 quo
715 2707 761 2766 die

198 2795 304 2855 Portus
326 2795 507 2855 Alexandrea
530 2793 653 2871 supplex

248 2881 284 2940 Et
305 2899 426 2941 vacuam
449 2880 586 2958 patefecit
608 2878 713 2951 aulam,

152 2997 280 3058 Fortuna
305 2998 396 3059 lustro
420 3015 562 3078 prospera
585 2996 672 3056 tertio

152 3082 225 3143 Belli
247 3084 394 3144 secundos
417 3083 543 3143 reddidit
565 3081 660 3142 exitus

199 3167 387 3246 Laudemqne
411 3177 440 3228 et
462 3177 594 3246 optatum
616 3167 744 3246 peractis

249 3253 383 3331 lmperiis
406 3255 496 3313 decus
519 3252 676 3330 adrogauit.

152 3371 195 3429 Te
218 3369 366 3432 Cantaber
389 3391 450 3432 non
475 3381 543 3430 ante
566 3368 720 3431 domabilis

153 3455 315 3534 Medusque
338 3466 367 3517 et
388 3457 488 3528 lodus,
511 3465 540 3515 te
562 3457 706 3535 profugus
729 3456 850 3535 Scythes

200 3541 331 3616 Miratur,
355 3562 372 3602 o
394 3542 484 3602 tutela
507 3559 648 3619 praesens

253 3628 350 3687 ltaliae
374 3628 568 3704 dominaeque
590 3626 711 3698 Itomae,

97 3781 226 3788 ——-

108 3893 167 3946 xlv
187 3912 210 3947 o.
230 3898 262 3947 20
280 3894 419 3946 indomitus
438 3896 472 3958 (o)
490 3895 575 3945 Bentl.
592 3896 596 3961 Ι
613 3897 644 3947 28
663 3894 792 3947 minitetur

97 3965 188 4022 oratius.
