2520 4434
473 235 644 289 GARbllNUltl
662 238 692 290 Ill
710 240 733 290 6.
753 242 775 289 l.

217 408 275 469 Sed
297 410 375 470 iussa
398 426 497 469 coram
521 427 582 468 non
605 409 669 469 sine
692 412 811 471 conscio

216 495 315 573 Surgit
335 494 451 564 marito,
473 511 525 553 seu
547 503 631 553 vocat
652 494 771 555 institor
808 543 810 548 .

259 580 317 640 Seu
340 579 420 639 neris
443 577 589 657 Hispanae
613 580 758 656 magister,

312 663 493 724 Dedecorum
518 663 665 741 pretiosus
687 673 812 744 emptor.
833 701 875 711 -

215 783 279 842 Non
303 782 349 842 his
370 781 509 843 iuventus
531 791 594 841 orta
617 783 789 860 parentibus

215 867 322 927 Infecit
343 884 455 944 aequor
477 867 622 944 sanguiue
645 866 758 928 Punico

258 951 462 1031 Pyrrhumque
484 959 514 1011 et
536 950 685 1029 ingentem
709 952 815 1012 cecidit

313 1037 489 1097 Antiochum
515 1035 768 1114 Hannibalemque
791 1037 896 1104 dirum,

216 1153 272 1214 Sed
295 1154 472 1215 rusticorum
496 1155 623 1215 mascula
645 1154 770 1215 militum

214 1237 325 1308 Proles,
349 1237 471 1299 Sabellis
493 1239 578 1299 docta
601 1239 749 1317 ligonibus

261 1322 384 1383 versere
406 1322 524 1402 glaebas
547 1334 575 1384 et
597 1341 714 1384 severae

301 1408 398 1469 Matris
420 1409 455 1469 cd
478 1408 631 1469 arbitrium
655 1410 764 1470 recisos

214 1524 334 1587 Portare
356 1527 451 1598 iustis,
473 1527 518 1587 sol
542 1526 590 1587 ubi
614 1527 758 1587 montium

213 1610 338 1672 llutaret
360 1611 480 1672 umbras
502 1620 532 1671 et
554 1613 619 1690 iuga
642 1613 773 1671 demeret

260 1695 359 1757 bobus
381 1695 508 1774 fatigatis
531 1698 655 1757 amicum

309 1781 438 1860 Tempus
460 1799 551 1860 agens
574 1781 703 1841 abeunte
726 1799 825 1841 curru.
851 1815 890 1824 -

214 1899 358 1960 Damnosa
382 1899 451 1978 quid
474 1919 534 1960 non
558 1900 697 1958 inminuit
719 1897 802 1958 dies?

214 1986 298 2044 Aetas
321 1992 477 2063 parentum
502 1985 585 2063 peior
607 1984 666 2044 avis
690 1984 755 2044 tulit

255 2068 314 2130 Nos
337 2070 504 2147 nequiores,
528 2069 738 2129 mundaturus

309 2153 484 2232 Progeniem
507 2154 696 2214 vitiosiorem.

590 2473 640 2532 Vll
704 2469 705 2472 ’

212 2589 287 2659 Quid
311 2591 373 2662 lles,
396 2591 519 2664 Asterie,
544 2610 632 2669 quem
655 2590 707 2650 tibi
731 2590 846 2651 candidi

211 2675 310 2734 Primo
334 2676 492 2736 restituent
513 2694 580 2735 vere
604 2676 722 2736 Favonii

257 2759 358 2839 Thyna
382 2779 479 2820 merce
502 2760 630 2832 beatum,

307 2845 475 2906 Constantis
496 2845 631 2905 iuvenem
654 2845 720 2916 fide,

209 2961 333 3043 Gygen?
376 2964 427 3023 llle
450 2964 533 3024 Notis
555 2974 636 3024 actus
659 2965 692 3023 ad
718 2964 838 3024 Oricum

208 3046 279 3109 Post
301 3049 404 3109 insana
429 3049 539 3126 Caprae
561 3051 656 3110 sidera
679 3050 797 3127 frigidas

256 3134 364 3194 Noctes
387 3152 448 3193 non
472 3134 535 3193 sine
559 3134 657 3193 multis

307 3217 454 3279 lnsomnis
476 3219 602 3280 lacrimis
625 3219 693 3296 agit.

208 3336 297 3412 Atqui
319 3337 459 3398 sollicitae
483 3337 606 3396 nuntius
628 3337 770 3414 hospitae,

206 3419 363 3497 Suspirare
387 3422 496 3482 Chloen
522 3431 551 3480 et
573 3421 708 3481 miseram
733 3420 791 3479 tuis

254 3504 361 3567 Dicens
384 3506 502 3583 ignibus
525 3506 580 3579 uri,

304 3592 440 3671 Temptat
462 3591 540 3650 mille
562 3592 642 3650 valer
664 3590 766 3650 ruodis.

69 3725 284 3737 f

160 3842 194 3892 Vl
216 3860 239 3894 υ,
258 3845 291 3895 36
309 3842 398 3894 durum
416 3844 451 3906 (v)
466 3845 470 3900 l
488 3846 519 3893 44
538 3846 612 3892 nocte
632 3842 712 3890 Prisc.
733 3840 775 3890 Vll
795 3842 809 3903 ᾖ
830 3841 861 3890 82

159 3909 207 3961 Vll
227 3928 252 3963 v.
272 3916 288 3964 4
305 3911 364 3972 fide]
383 3912 432 3976 (elz
451 3910 510 3962 fidei
