2474 4440
494 177 665 232 chamutum
683 179 691 229 l
712 183 734 232 1.
754 181 777 231 2.

238 352 295 413 Seu
312 353 371 413 risa
388 359 433 412 est
448 351 551 412 catulis
567 369 650 411 cerva
666 350 810 421 fidelibus,

236 438 294 498 Seu
311 437 390 515 rupit
405 445 513 495 teretes
528 434 640 496 Marsus
656 454 726 513 aper
742 434 855 514 plagas:
884 454 888 461 ·

235 523 281 584 Me
296 521 449 581 doctarum
464 521 588 580 hederae
605 521 730 599 praemia
747 520 888 580 frontium

165 619 192 668 30
235 608 286 668 bis
301 606 426 666 miscent
441 605 564 682 superis,
580 622 626 663 me
642 604 768 682 gelidum
785 622 890 666 nemus

236 690 497 771 Nympharumque
513 688 590 749 leves
606 707 672 748 cum
689 687 798 767 Satyris
814 689 896 748 chori

239 776 406 837 Secernuut
420 772 539 852 populo,
556 773 579 833 si
597 791 693 850 neque
710 772 795 832 tibias

239 861 368 938 Euterpe
384 858 502 918 cohibet
517 875 573 917 nec
588 856 781 936 Polyhymnia

238 945 384 1006 Lesboum
402 942 511 1020 refugit
525 942 647 1001 tendere
663 941 800 1000 barbiton
809 958 817 1015 ;

167 1041 195 1090 tt
239 1029 349 1101 Quodsi
365 1048 412 1088 me
428 1026 526 1107 lyricis
540 1026 655 1086 vatibus
671 1026 793 1099 inaurea,

239 1114 363 1174 Sublimi
380 1113 481 1173 leriam
498 1109 592 1171 sidera
607 1112 726 1171 vertice.

635 1395 661 1454 ll

242 1517 302 1576 lam
318 1514 387 1576 satis
402 1513 489 1573 terris
505 1512 578 1572 nivis
593 1523 681 1591 atque
696 1513 776 1573 dirae
843 1513 846 1517 ’

243 1599 401 1662 Grandinis
416 1598 494 1658 misit
510 1606 592 1675 pater
608 1606 637 1657 et
651 1597 777 1657 rubente

241 1687 365 1747 Dextera
381 1701 478 1744 sacras
493 1682 634 1742 iaculatus
648 1682 723 1742 arcis

317 1769 435 1829 Terruit
450 1767 563 1838 urbem,

187 1899 201 1948 t
244 1887 361 1947 Terruit
377 1893 489 1962 gentes,
506 1902 591 1962 grave
608 1902 646 1943 ne
663 1883 772 1943 rediret

245 1971 399 2032 Saeculum
415 1968 544 2048 Pyrrhae
561 1987 634 2028 nova
651 1977 783 2029 monstra
798 1979 930 2046 questae‚

246 2055 341 2116 Omne
358 2072 424 2113 cum
443 2056 566 2113 Proteus
582 2073 674 2132 pecus
689 2053 748 2132 egit
763 2054 837 2114 altos

320 2139 420 2198 Visere
435 2138 544 2197 montis

245 2256 372 2317 Piscium
390 2265 419 2315 et
434 2273 546 2316 summa
563 2273 657 2333 genus
672 2255 765 2316 haesit
780 2255 869 2324 ulmo,

175 2354 203 2403 10
246 2342 319 2403 Nota
337 2358 410 2419 quae
426 2339 509 2400 sedes
525 2341 620 2399 luerat
636 2339 787 2413 columbis

245 2426 282 2486 Et
297 2426 463 2503 superiecto
477 2424 597 2502 pavidae
614 2433 753 2484 natarunt

323 2512 458 2587 Aequore
474 2509 613 2573 dammae.

248 2628 382 2689 Vidimus
397 2628 501 2688 ssavum
518 2626 646 2687 Tiberim
663 2626 781 2686 retortis

249 2714 347 2774 Litore
363 2712 489 2772 Etrusco
505 2711 649 2771 violenter
663 2711 750 2771 undis

175 2809 204 2859 to
248 2798 294 2859 lre
310 2798 455 2857 deiectum
471 2805 662 2856 monumenta
678 2796 755 2874 regis

298 2945 301 2951 ,
325 2882 506 2959 Templaque
521 2880 633 2951 Vestae,

248 3001 316 3060 Iliae
332 2999 401 3059 dum
418 3018 448 3059 se
465 2999 588 3059 nimium
605 2995 741 3075 querenti

249 3086 338 3145 lactat
352 3084 479 3143 ultorem
496 3101 585 3162 vagus
600 3090 630 3142 et
644 3080 761 3140 sinistra

249 3169 372 3229 Labitur
387 3168 449 3246 ripa
465 3168 532 3228 love
549 3186 608 3226 non
626 3165 770 3245 probante
785 3183 820 3224 u-

178 3264 207 3314 20
324 3253 425 3312 xorius
440 3253 544 3312 amnis.

253 3371 356 3431 Audiet
372 3370 441 3430 civis
458 3371 571 3431 acuisse
586 3372 706 3443 ferrum,

250 3455 316 3526 Quo
332 3473 434 3533 graves
449 3456 554 3516 Persae
569 3455 673 3516 melius
687 3454 829 3533 perirent,

252 3540 357 3600 Audiet
372 3559 487 3618 pugnas
501 3540 570 3600 vitio
585 3548 741 3619 parentum

327 3625 402 3684 Rara
418 3626 563 3686 iuventus.

124 3744 328 3754 ..—

199 3788 219 3840 >1
237 3806 260 3842 υ.
280 3793 311 3842 35
330 3792 420 3842 inseris

209 3857 228 3908 ll
246 3874 269 3910 o.
289 3860 392 3924 [tt—12]
411 3859 493 3909 ΗΜΙι*
509 3859 513 3925 Ι
531 3862 561 3911 10
585 3859 712 3925 palumbis
728 3857 731 3925 Ι
748 3860 868 3922 [ut-24]
887 3859 912 3907 H
