2474 4440
442 260 631 313 samalaud
648 262 659 313 l
677 266 702 316 3.

115 439 153 496 At
175 455 231 496 nos
253 435 375 495 virtutes
398 435 476 514 ipsas
499 435 672 495 invertimus
694 444 780 512 atque

116 521 273 582 Sincerum
297 519 432 599 cupimus
454 537 503 579 vas
526 520 701 580 incrustare.
745 519 861 580 Probus
884 521 948 598 quis

113 604 275 666 Nobiscum
297 604 374 676 vivit,
398 605 522 664 multum
546 604 690 664 demissus
712 605 817 665 bomo:
841 605 882 664 illi

113 691 211 751 'lardo
234 707 412 768 cognomen,
436 689 539 768 pingui
563 689 681 762 damus;
703 690 751 748 hic
774 690 848 768 fugit
870 692 966 752 omnis

111 775 235 836 Insidias
260 774 392 851 nullique
416 774 490 833 malo
513 773 590 834 latus
613 773 696 833 obdit
717 784 865 853 apertum:

112 858 185 921 Cum
208 878 305 938 genus
327 859 384 918 hoc
407 859 581 919 interritae
603 877 762 932 versemur,
787 860 837 919 ubi
860 860 936 921 acris

111 944 222 1005 Invidia
246 954 334 1022 atque
355 944 456 1021 vigent
478 943 528 1003 ubi
553 944 686 1016 crimina,
709 963 763 1022 pro
786 944 863 1005 bene
886 963 959 1006 sano

111 1031 153 1090 Ac
177 1048 238 1090 non
263 1030 382 1089 incauto
405 1030 506 1088 fictum
529 1038 716 1106 astutumque
739 1047 892 1102 vocamus;

113 1115 284 1193 Simplicior·
306 1114 371 1192 quis
395 1122 424 1173 et
446 1121 500 1185 est,
524 1113 641 1191 qualem
665 1133 711 1174 me
734 1134 821 1194 saepe
844 1114 971 1175 libenter

113 1199 279 1260 Obtulerim
300 1198 364 1271 tibi,
387 1199 550 1270 Maecenas,
574 1207 607 1257 ut
629 1200 704 1259 lorte
727 1199 872 1279 legentem

112 1286 171 1345 Aut
192 1284 315 1344 tacitum
337 1283 467 1362 impellat
490 1284 593 1361 quovis
614 1302 768 1344 sermone:
788 1279 951 1358 ‘molestus
1074 1299 1103 1347 65

112 1370 270 1430 Communi
293 1387 381 1429 sensu
405 1369 491 1446 plane
514 1363 608 1428 caret'
634 1369 793 1446 inquimus.
839 1369 932 1442 Eheu,

112 1453 207 1524 Quam
231 1463 343 1514 temere
365 1453 395 1512 in
419 1461 537 1513 nosmet
558 1454 653 1531 legem
674 1455 822 1515 sancimus
844 1455 991 1532 iniquaml

110 1539 183 1599 Nam
208 1539 284 1599 vitiis
306 1556 393 1598 nemo
416 1538 480 1598 sine
505 1539 644 1609 nascitur,
668 1539 797 1617 optimus
819 1539 866 1599 ille
889 1549 943 1612 est,

112 1624 169 1695 Qui
192 1624 323 1684 minimis
345 1632 478 1701 urgetur.
523 1623 643 1683 Amicus
665 1624 767 1692 dulcis,
792 1633 824 1683 nt
845 1643 971 1702 aequum
995 1637 1048 1698 est,

112 1708 185 1770 Cum
208 1727 272 1769 mea
295 1719 467 1786 compenset
489 1708 565 1768 vitiis
587 1708 677 1780 bona,
699 1707 834 1787 pluribus
856 1710 948 1782 hisce,
1072 1722 1101 1771 tu

113 1795 142 1854 Si
166 1795 255 1854 modo
276 1793 362 1871 plura
384 1793 456 1852 mibi
479 1792 557 1852 bona
580 1802 659 1865 sunt,
682 1793 813 1866 inclinet,
836 1794 928 1853 amari

112 1879 142 1940 Si
165 1880 257 1952 volet;
281 1878 336 1938 hac
357 1878 422 1955 lege
445 1878 474 1937 in
499 1878 608 1937 trutina
630 1887 759 1956 ponetur
782 1879 892 1938 eadem.

12 1997 15 2001 v
113 1964 180 2037 Oui,
204 1983 243 2025 ne
265 1962 419 2023 tuberibus
441 1963 571 2043 propriis
595 1963 724 2024 ollendat
746 1964 883 2035 amicum,

112 2049 253 2118 Postulat,
275 2049 411 2127 ignoscet
432 2049 562 2109 verrucis
585 2048 678 2123 illins;
701 2067 828 2127 aequum
851 2058 895 2110 est

111 2134 242 2196 Peccatis
264 2133 378 2193 veniam
403 2143 575 2212 poscentem
598 2133 719 2194 reddere
743 2153 853 2200 rursus.
1073 2146 1101 2193 tt

112 2219 257 2298 lienique,
281 2227 426 2296 quatenus
449 2218 542 2278 excidi
566 2220 684 2296 penitus
706 2220 807 2279 vitium
831 2221 901 2291 irae,

113 2304 215 2365 Cetera
238 2304 309 2363 item
332 2311 486 2381 nequeunt
508 2303 604 2364 stultis
626 2304 786 2377 haerentia,
810 2323 863 2365 cur
887 2324 947 2364 non

111 2387 299 2450 Ponderibus
320 2387 506 2465 modulisque
529 2389 589 2449 suis
612 2391 685 2450 ratio
709 2391 802 2450 utitur
823 2409 856 2449 ac
879 2409 927 2450 res

113 2474 150 2534 Ut
172 2492 307 2552 quaeque
329 2482 382 2545 est,
405 2472 444 2532 ita
468 2474 620 2553 suppliciis
642 2474 746 2535 delicta
770 2472 906 2535 coercet?

112 2559 211 2637 Siquis
233 2576 300 2619 eum
323 2576 450 2631 servum,
473 2559 602 2635 patinam
626 2560 675 2636 qui
699 2560 802 2620 tollere
826 2560 921 2620 iussus
1072 2569 1101 2620 80

113 2644 250 2705 Semesos
273 2643 362 2721 piscis
384 2642 575 2722 tepidumque
597 2644 757 2720 ligurrierit
780 2645 834 2716 ius,

112 2729 146 2789 ln
170 2747 259 2789 cruce
282 2729 408 2806 suffigat,
430 2728 569 2788 Labeone
592 2729 724 2788 insanior
746 2729 824 2788 inter

113 2814 208 2875 Sanos
230 2813 353 2873 dicatur.
399 2812 515 2882 Quanto
539 2814 595 2873 hoc
618 2814 756 2874 furiosius
777 2822 865 2890 atque

112 2899 205 2959 Maius
227 2907 382 2978 peccatum
405 2906 463 2958 est:
487 2898 617 2975 paullum
640 2899 763 2977 deliquit
784 2897 905 2969 amicus,

112 2983 200 3055 Quod
223 2983 281 3044 nisi
303 2983 457 3055 concedas
480 2982 606 3043 habeare
629 2984 770 3044 insuavis:
793 2981 918 3042 acerbus
1069 2992 1099 3042 85

114 3069 208 3130 Odisti
231 3076 260 3128 et
283 3069 359 3147 sugis
383 3076 414 3128 nt
436 3068 587 3128 Rusonem
611 3069 727 3129 debitor
748 3069 833 3140 aeris,

113 3153 171 3224 Qui
195 3153 261 3224 nisi,
284 3172 351 3213 cum
374 3154 472 3214 tristes
494 3153 602 3214 misero
624 3173 731 3215 venere
753 3152 911 3225 Kalendae,

112 3238 279 3298 Mercedem
302 3247 353 3299 aut
375 3256 512 3298 nummos
534 3238 614 3298 unde
637 3240 715 3300 unde
738 3239 868 3310 extricat,
892 3254 1005 3297 amaras

22 3407 231 3420 -—.-.

112 3472 144 3525 lll
162 3490 185 3527 o.
205 3476 281 3538 blaq.
308 3477 380 3522 recte
406 3473 532 3523 dutiooeit
557 3473 586 3523 V
600 3473 635 3533 of.
653 3474 740 3525 Herna.
761 3477 801 3537 Π,
820 3475 925 3538 2'lqu.:
954 3471 1040 3521 homo.
1058 3469 1098 3520 llli

24 3542 113 3594 Turdo
132 3556 276 3607 cognomen
294 3541 382 3606 pingui
401 3540 520 3591 ethome
539 3540 590 3592 ille.
604 3543 633 3604 (e.
647 3545 664 3604 ,)
677 3540 759 3592 'lardo
773 3556 913 3606 cognomen
932 3540 1021 3604 pingui
1040 3539 1076 3588 ol.
1094 3536 1100 3607 Ι

23 3612 68 3663 ille
88 3611 127 3662 lte
153 3610 158 3676 Ι
182 3611 215 3662 60
227 3609 375 3674 ¹versemur]
393 3609 443 3659 13⁰:
461 3615 577 3660 uersetur
604 3609 608 3674 Ι
635 3612 667 3661 63
690 3609 797 3660 licenter
814 3610 1011 3670 Proedtoooioe,
1030 3607 1100 3656 Hor-

23 3680 113 3731 leeliw
130 3679 204 3729 anal.
222 3677 286 3728 Hor.
301 3692 329 3742 p.
348 3678 440 3741 atsqq.
468 3677 472 3741 Ι
500 3679 531 3728 65
560 3692 690 3729 sermone:
711 3676 836 3727 molestus
858 3675 975 3740 (virgula
993 3676 1054 3738 om.)
1074 3679 1099 3724 et

24 3761 147 3801 sermone
168 3745 305 3797 molestus:
332 3744 368 3794 al.
394 3745 398 3809 1
427 3747 458 3796 to
476 3760 541 3795 nom
559 3750 707 3810 compensat
725 3748 736 3793 l
753 3744 807 3794 ΑΚ
824 3750 849 3793 et
865 3748 904 3794 ric
922 3743 962 3792 Ma
985 3743 989 3806 Ι
1014 3744 1045 3794 tt
1058 3758 1097 3806 aq.

23 3815 129 3869 .Amari
149 3815 252 3880 (Amare
269 3812 443 3876 Doeringa'or)
465 3813 486 3863 si
505 3812 577 3864 volet
594 3814 641 3864 bac
659 3813 731 3877 lege,
757 3813 783 3863 in
801 3813 896 3878 Porplr.
914 3811 1097 3874 (doeringius,

22 3885 183 3950 Madvigius
205 3881 265 3932 ado.
292 3883 353 3932 crit.
371 3879 392 3931 ll
410 3882 452 3943 59)
478 3879 483 3948 Ι
511 3884 544 3932 74
562 3882 679 3946 ignoscat
694 3880 697 3947 l
714 3882 765 3942 [85]
783 3880 823 3930 Mr
850 3882 853 3940 Ι
882 3883 956 3943 Sbsq.
974 3878 1097 3941 insuavis,

22 3952 148 4006 acerbus:
167 3949 252 4003 Odisti
270 3949 313 4014 ol,
331 3954 361 3999 ot
377 3945 412 4008 of.
430 3949 515 4000 Bentl.

862 4033 893 4082 9*
