2474 4440
108 243 168 301 144
215 273 217 276 ⁴
486 244 674 297 Sd'l'thRUhl
693 246 701 297 l
720 247 744 297 6.
764 250 786 297 Ἰ.

191 420 321 480 Pransus
344 438 404 479 non
427 418 519 491 avide,
542 428 685 497 quantum
708 420 879 499 interpellet
901 420 984 480 inani

192 504 301 565 Ventre
324 505 401 564 diem
423 504 539 577 durare,
563 505 743 565 domesticus
766 505 852 565 otior.
875 505 1022 565 —llaec
1046 513 1092 566 est

193 589 255 649 Vita
279 590 442 651 solutorum
465 589 570 649 misera
593 588 754 649 ambitione
776 590 932 669 gravique;

107 683 150 733 130
193 674 245 735 His
267 693 314 735 me
337 674 477 735 consolor
498 674 643 734 victurum
665 674 781 735 suavius
804 693 838 735 ac
860 676 884 735 si

194 760 340 829 Quaestor
362 777 432 820 avus
455 768 539 837 pater
560 768 649 837 atque
671 777 755 820 mens
776 770 960 840 patruusque
984 759 1097 820 luisset.

619 1063 670 1122 Vll

195 1182 356 1261 Proscripti
379 1183 468 1259 Regis
490 1182 589 1261 Rupili
611 1200 668 1262 pus
690 1190 779 1259 atque
800 1199 948 1241 venenum

116 1278 118 1282 '
196 1266 292 1327 ibrida
316 1286 376 1346 quo
399 1276 484 1346 pacto
508 1267 545 1328 sit
567 1267 686 1328 Persius
708 1266 796 1338 ultus,
819 1266 929 1345 opinor

196 1352 340 1413 Omnibus
363 1363 392 1412 et
413 1353 501 1431 lippis
524 1361 628 1412 notum
650 1358 680 1411 et
701 1350 871 1412 tonsoribus
894 1369 968 1412 esse.

197 1437 314 1498 Persius
336 1437 384 1497 bic
407 1456 567 1516 permagna
591 1437 707 1514 negotia
730 1437 809 1496 dives
830 1435 957 1496 habebat

138 1531 152 1578 5
197 1521 386 1596 Clazomenis,
410 1534 439 1582 et
460 1523 516 1582 iam
539 1523 597 1583 litis
619 1541 687 1582 cum
709 1522 791 1598 Rege
812 1522 960 1593 molestas,

194 1606 293 1668 Durus
315 1607 404 1667 homo
427 1617 515 1686 atque
537 1608 605 1667 odio
628 1607 678 1685 qui
701 1616 803 1685 posset
824 1607 942 1667 vincere
965 1606 1087 1684 Regem,

196 1690 364 1765 Confidens,
387 1693 525 1764 tumidus,
549 1693 620 1751 adeo
644 1692 789 1752 sermonis
811 1691 912 1763 amari,

197 1777 347 1848 Sisennas,
371 1772 478 1839 Barros
500 1786 534 1839 ut
555 1778 639 1854 equis
661 1785 867 1854 praecurreret
888 1776 970 1836 albis.

196 1864 239 1922 Ad
263 1861 373 1940 Regem
396 1865 494 1927 redeo.
540 1863 699 1941 Postquam
723 1861 796 1921 nihil
817 1862 895 1921 inter
917 1869 1078 1939 utrumque

124 1956 152 2006 10
196 1947 341 2008 Convenit
363 1982 376 1993 ·
398 1949 455 2009 hoc
478 1949 587 2008 etenim
610 1956 681 2008 sunt
703 1965 807 2007 omnes
828 1947 892 2006 iure
914 1947 1043 2020 molesti,

196 2033 263 2103 Quo
285 2034 385 2105 iortes,
408 2034 516 2111 quibus
538 2034 690 2093 adversum
714 2031 821 2091 bellum
845 2031 963 2092 incidit:
987 2031 1068 2092 inter

198 2117 323 2178 Hectora
346 2117 522 2189 Priamiden,
547 2119 711 2179 animosum
734 2126 822 2194 atque
844 2117 922 2176 inter
945 2116 1087 2177 Achillem

197 2202 241 2261 lra
265 2203 320 2263 fuit
341 2203 482 2280 capitalis,
504 2212 537 2263 ut
559 2203 659 2263 ultima
683 2202 824 2262 divideret
846 2219 934 2273 mors,

195 2286 260 2346 Non
285 2288 369 2347 aliam
393 2286 431 2346 ob
454 2305 582 2359 causam,
606 2288 661 2348 nisi
685 2287 762 2365 quod
787 2287 878 2346 virtus
899 2286 929 2345 in
953 2294 1082 2364 utroque

125 2379 153 2428 15
197 2371 316 2431 Summa
338 2372 408 2447 luit;
432 2373 490 2432 duo
513 2374 538 2433 si
560 2372 703 2433 discordia
728 2382 811 2431 vexet
832 2371 937 2432 inertis

196 2458 254 2516 dut
275 2458 300 2518 si
322 2457 487 2536 disparibus
510 2458 621 2518 bellum
644 2457 763 2530 incidat,
785 2465 819 2516 ut
840 2455 974 2518 Diomedi

198 2540 269 2602 Cum
294 2542 383 2623 Lycio
408 2543 529 2615 Glauco,
551 2542 681 2604 discedat
702 2541 825 2620 pigrior,
848 2542 927 2602 ultro

196 2627 368 2688 Muneribus
391 2628 486 2689 missis
508 2662 532 2700 ·,
555 2628 647 2690 Bruto
670 2636 807 2705 praetore
829 2635 951 2688 tenente

195 2712 291 2772 Ditem
314 2712 421 2786 Asiam,
443 2714 542 2793 Rupili
565 2724 595 2774 et
616 2713 699 2773 Persi
721 2730 774 2790 par
796 2721 919 2790 pugnat,
944 2710 986 2770 uti
1010 2727 1070 2770 non

124 2803 153 2854 20
197 2797 398 2876 Compositum
423 2799 526 2859 melius
549 2817 616 2858 cum
639 2796 724 2858 Bitho
748 2797 902 2857 Bacchius.
946 2795 981 2855 ln
1005 2795 1050 2855 ius

197 2883 287 2944 heres
308 2894 501 2963 procurrunt,
524 2902 662 2962 magnum
686 2881 886 2961 spectaculum
910 2891 1045 2958 uterque.

196 2968 314 3029 Persius
336 2969 458 3048 exponit
480 2986 613 3041 causam;
636 2968 750 3028 ridetur
772 2966 808 3026 ab
832 2966 914 3027 omni

197 3053 367 3129 Conventu;
390 3054 490 3114 laudat
511 3053 637 3113 Brutum
659 3054 815 3130 laudatque
837 3052 1009 3123 cohortcm;

197 3137 296 3197 Solem
317 3139 402 3199 Asiae
425 3138 548 3198 Brutum
571 3138 698 3217 appellat
720 3138 879 3214 stellasque
900 3134 1026 3197 salubris

124 3233 152 3282 25
196 3223 331 3301 Appellat
353 3225 483 3294 comites,
507 3233 630 3302 excepto
652 3223 744 3300 Rege:
769 3241 872 3282 canem
896 3222 988 3295 illum,

196 3306 327 3367 luvisum
351 3308 486 3385 agricolis
509 3307 599 3380 siduS,
623 3309 752 3382 venisse3
776 3307 880 3367 ruebat

196 3391 319 3452 Flumen
343 3404 377 3452 ut
397 3393 566 3465 hibernum,
589 3395 685 3453 fertur
707 3411 767 3471 quo
790 3410 855 3452 rara
878 3390 1002 3452 securis.

196 3477 272 3536 Tum
295 3477 507 3538 Praenestinus
528 3478 604 3539 salso
627 3480 780 3556 multoque
802 3477 907 3538 fluenti

196 3661 227 3713 Vl
245 3679 268 3713 v.
289 3664 337 3714 130
354 3661 468 3713 uicturus
487 3663 521 3727 (o)
537 3662 542 3728 Ι
559 3665 606 3715 131
627 3662 727 3725 luisset]
746 3664 794 3726 (o):
813 3661 925 3713 fuissent
1083 3720 1088 3733 Ι

193 3731 236 3782 vll
254 3747 278 3783 o.
297 3732 312 3782 2
330 3729 421 3792 lbrida]
440 3731 475 3794 (o)
498 3728 533 3791 cf.
552 3730 703 3792 Heindorfii
724 3731 785 3781 adn.
810 3732 854 3792 (ε
874 3729 929 3783 ΑΚ
946 3725 1008 3796 Mei:
1033 3719 1149 3775 bibrldtli

109 3799 217 3866 hybrida
232 3797 237 3868 1
254 3804 268 3851 5
288 3804 314 3850 et
331 3798 382 3849 iam
399 3799 513 3849 Belbina
526 3799 575 3850 11²:
595 3800 671 3850 eliam
686 3797 721 3866 ΙΊ
740 3798 863 3861 tumidus]
881 3823 916 3843 =
933 3797 984 3848 Ba:
1002 3785 1146 3855 tumidusque!

111 3870 142 3920 12
161 3866 305 3919 Priamiden
324 3867 467 3918 animosum
491 3868 526 3918 al.
552 3869 556 3934 Ι
584 3871 613 3918 l'l
631 3866 760 3933 pulchrior
783 3869 787 3932 Ι
811 3868 843 3918 20
862 3865 1020 3931 compositus
1042 3865 1047 3926 Ι
1067 3859 1092 3911 lt
1107 3866 1147 3906 wl·

109 3941 214 3988 currunt
228 3936 233 4005 Ι
248 3938 281 3989 28
298 3934 459 4002 multumque
477 3935 514 4003 (o)
