2474 4440
354 252 526 305 GthllNUlll
544 255 574 307 lll
593 258 617 307 3.
634 261 659 311 4.

99 422 249 483 Horrenda
266 424 322 484 late
339 443 445 484 nomeu
463 426 491 484 in
510 426 625 486 ultimas

99 507 241 568 Extendat
256 527 331 581 oras,
346 526 404 586 qua
420 510 533 569 medius
548 509 646 588 liquor

143 594 277 653 Seecrnit
291 593 432 672 Europen
448 594 484 653 ab
500 596 581 666 diro,

193 677 255 747 Qua
272 679 401 739 tumidus
416 679 491 755 rigat
508 697 575 737 arva
590 680 681 752 Nilus,

99 796 208 855 durum
224 796 407 874 inrepertum
423 807 452 856 et
467 797 508 857 sio
525 797 629 857 melius
644 799 741 873 situm,

101 880 169 940 Cum
187 891 264 940 terra
280 881 364 951 celat,
381 898 523 959 spernere
539 882 645 942 lortior

144 966 238 1035 Quam
254 982 361 1042 cogere
377 965 523 1025 humanos
539 967 569 1025 in
586 985 657 1027 usus

99 1104 103 1111 .
196 1049 292 1110 Omne
309 1068 424 1109 sacrum
442 1050 575 1128 rapiente
591 1051 701 1112 dextra.

100 1168 285 1245 Quicumque
301 1166 412 1226 mundo
428 1168 572 1228 terminus
587 1169 709 1241 obstitit,

101 1253 186 1313 Hunc
202 1262 304 1330 tanget
319 1254 417 1322 armis
432 1252 526 1311 visere
541 1254 680 1329 gestiens,

145 1337 208 1407 Qua
224 1347 306 1414 parte
321 1336 540 1397 debacchentur
555 1337 648 1416 ignes,

196 1421 260 1491 Qua
278 1421 403 1482 nebulae
418 1420 568 1500 pluviique
584 1440 676 1484 rores

101 1537 157 1599 Sed
172 1539 318 1600 bellicosis
333 1541 391 1599 lata
408 1539 571 1609 Quiritibus

103 1624 160 1684 Hac
176 1625 240 1702 lege
256 1624 332 1694 dico,
349 1643 387 1684 ne
403 1625 525 1684 nimium
543 1625 582 1702 pii

146 1708 307 1786 Rebusque
324 1709 450 1768 fidentes
465 1709 555 1768 avitae

204 1793 290 1852 'lecta
308 1794 396 1853 velint
413 1811 549 1870 reparare
566 1793 685 1853 Troiae:

103 1909 205 1970 Troiae
221 1929 379 1971 renascens
394 1911 461 1971 alite
476 1911 594 1988 lugubri

102 1993 234 2055 Fortuna
250 1996 325 2055 tristi
341 1995 421 2056 clade
438 1996 600 2066 iterabitur,

146 2081 281 2142 Ducente
297 2081 431 2140 victrices
447 2091 575 2140 catervas

199 2165 331 2242 Coniuge
348 2184 394 2224 me
409 2164 484 2224 lovis
499 2176 528 2224 et
543 2183 654 2225 sorore.
704 2181 711 2191 ’

104 2283 160 2343 Ter
175 2285 199 2343 si
215 2294 350 2362 resurgat
364 2301 467 2343 murus
481 2302 591 2343 aeneus

107 2371 231 2428 Auctore
250 2368 379 2440 Phoebo,
395 2377 441 2427 ter
456 2378 557 2446 pereat
572 2368 644 2429 meis

149 2452 271 2513 Excisus
287 2452 409 2531 Argivis
426 2460 472 2512 ter
488 2470 561 2512 uxor

203 2537 292 2616 Capta
306 2539 401 2596 virum
418 2555 586 2615 puerosque
602 2525 726 2616 ploretl'
746 2570 784 2579 -

106 2655 169 2715 Non
186 2656 242 2715 hoc
258 2655 374 2715 iocosae
390 2655 547 2714 conveniet
561 2655 639 2735 lyrae
646 2673 654 2728 ;

106 2739 180 2813 Ouo,
196 2740 287 2813 hlusa,
303 2737 421 2800 tendis?
436 2739 537 2799 desine
553 2741 688 2816 pervicax

152 2825 274 2884 Rclcrre
290 2842 443 2885 sermones
459 2824 581 2883 deorum
598 2834 626 2883 et

203 2910 306 2988 hlagna
323 2909 417 2969 modis
433 2919 556 2969 tenuare
572 2909 677 2986 parvis.

437 3131 588 3138 -..--.-

499 3296 535 3354 lV

111 3415 259 3475 Descende
275 3414 354 3475 caelo
371 3425 398 3474 et
413 3415 460 3474 dic
475 3434 527 3493 age
543 3413 612 3473 tibia

110 3499 218 3578 Regina
234 3501 355 3578 longum
372 3500 500 3577 Calliope
517 3500 608 3558 melos

154 3586 211 3645 Seu
229 3603 299 3645 voce
315 3604 396 3645 nuuc
412 3585 501 3644 mavis
517 3594 600 3643 acuta

204 3671 262 3730 Seu
278 3669 384 3728 fidibus
400 3669 568 3746 citharaque
584 3666 711 3727 Phoebil

97 3802 176 3812 κ

97 3915 142 3971 lo.
160 3926 176 3974 4
194 3923 351 3989 citharaque]
369 3924 404 3986 (v)
421 3921 521 3973 Bentlz
541 3921 669 3971 citharaue
