2474 4440
472 215 513 267 bu
532 216 619 269 ARTE
637 214 785 268 POETlGA.
1105 213 1172 274 233

180 389 223 450 Er
245 398 318 450 noto
340 389 441 449 fiotum
464 406 582 449 carmen
606 405 722 466 sequar,
746 397 778 450 ut
799 388 855 449 sibi
879 389 973 467 quivis
1125 402 1169 452 tto

181 475 288 554 Sperct
311 474 399 546 idom,
422 473 507 535 sudet
528 473 651 533 multum
674 474 842 552 frustraque
864 472 979 536 laboret

181 563 277 621 Ausus
300 559 395 632 idcm;
418 567 531 619 tantum
556 558 647 619 series
668 558 864 637 iuncturaque
887 560 987 638 pollet,

97 703 99 709 .
181 646 308 706 Tantum
331 644 368 704 de
390 642 487 704 medio
509 642 634 722 sumptis
656 644 768 704 accedit
789 644 920 705 honoris.

185 731 269 792 Silvis
291 728 408 790 deducti
433 738 554 789 caveant
576 746 622 788 me
645 728 740 789 iudice
763 729 866 801 Fauni,

183 816 226 877 Ne
248 814 329 875 velut
351 814 445 874 innati
467 814 559 874 triviis
581 831 614 874 ac
637 831 731 893 paene
753 814 887 875 forenses
1126 825 1170 876 tlt

185 903 243 961 Aut
265 899 387 959 nimium
411 900 523 959 teneris
545 899 723 959 iuvenentur
744 899 877 960 versibus
899 917 1039 977 umquam

182 988 240 1046 Aut
262 984 406 1045 inmunda
428 992 552 1063 crepent
574 983 830 1062 ignominiosaque
851 984 943 1059 diota;

184 1071 386 1132 offenduntur
408 1069 497 1140 enim,
521 1068 628 1147 quibus
651 1077 695 1130 est
717 1088 811 1148 equus
833 1080 862 1130 et
885 1079 968 1149 pater
990 1081 1019 1130 et
1040 1088 1098 1143 res,

183 1156 255 1229 Neo,
276 1153 373 1233 siquid
395 1154 472 1215 fricti
496 1154 601 1215 ciceris
623 1153 730 1233 probat
751 1165 780 1215 et
802 1155 887 1216 nucis
909 1166 1034 1234 emptor,

183 1241 294 1318 Aequis
317 1239 466 1318 accipiunt
488 1239 592 1299 animis
614 1239 762 1300 donantve
784 1257 904 1300 corona.
926 1273 967 1284 -
1127 1251 1171 1302 tto

185 1324 300 1404 Syllaba
324 1324 412 1403 longa
434 1324 516 1384 brevi
539 1323 671 1385 subiecta
693 1334 814 1385 vocatur
836 1324 959 1399 iambus,

183 1411 239 1471 Pes
261 1409 350 1484 citus;
376 1409 455 1470 unde
478 1410 565 1469 etiam
588 1409 730 1470 trimetris
752 1409 923 1471 adcrescere
945 1410 1029 1472 iussit

183 1495 297 1555 Nomen
320 1493 451 1566 iambeis,
474 1512 541 1554 cum
565 1513 654 1555 senos
675 1494 812 1555 redderet
833 1495 909 1555 ictus

183 1580 301 1640 Primus
324 1579 358 1640 ad
383 1588 545 1640 extremum
569 1579 670 1640 similis
692 1579 756 1640 sibi.
795 1580 859 1641 Non
884 1581 922 1640 ita
945 1579 1069 1658 pridem,

183 1664 309 1725 'lardior
330 1673 365 1724 ut
386 1664 485 1743 paullo
507 1664 684 1742 graviorque
706 1665 819 1725 veniret
840 1665 875 1725 ad
899 1665 987 1736 auris,
1127 1674 1172 1725 255

187 1749 343 1829 Spondeos
365 1748 478 1810 stabilis
500 1750 529 1809 in
554 1749 617 1809 iura
639 1759 762 1829 paterna
785 1749 897 1829 recepit

189 1834 368 1896 Commodus
390 1842 419 1894 et
440 1834 565 1912 patiens,
589 1853 650 1894 non
674 1844 707 1895 ut
728 1836 764 1894 dc
786 1834 855 1896 sede
876 1834 1006 1895 secunda

186 1919 310 1981 Cederet
331 1928 382 1979 aut
404 1928 506 1997 quarta
529 1919 684 1980 socialiter.
728 1919 790 1997 Hic,
805 1927 834 1979 et
856 1919 886 1978 in
910 1920 979 1981 Acci

186 2002 342 2066 Nobilibus
363 2003 505 2065 trimetris
526 2003 647 2083 adparet
668 2023 752 2066 rarus
774 2013 803 2064 et
824 2003 904 2064 Enni

187 2091 221 2151 ln
245 2107 381 2150 scaenam
405 2088 510 2150 missos
532 2108 598 2150 cum
622 2108 730 2168 magno
753 2089 886 2168 pondere
907 2107 1009 2150 versus
1129 2097 1173 2147 tto

187 2176 247 2236 Aut
269 2192 376 2252 operae
399 2173 502 2235 celeris
525 2175 648 2235 nimium
672 2193 802 2254 curaque
824 2176 954 2236 carentis

187 2261 247 2319 Aut
268 2260 420 2338 ignoratae
444 2260 550 2338 premit
572 2261 642 2322 artis
664 2261 786 2321 crimine
807 2261 897 2339 turpi.

187 2345 253 2405 Non
277 2345 372 2422 quivis
393 2343 471 2405 videt
492 2344 673 2406 inmodulata
696 2355 831 2425 poemata
853 2346 950 2416 iudex,

188 2429 226 2490 Et
247 2429 311 2489 data
334 2429 475 2490 Romanis
497 2430 581 2490 venia
604 2439 648 2491 est
671 2430 792 2508 indigna
816 2431 919 2509 poetis.

189 2514 343 2575 ldcircone
365 2531 454 2592 vager
475 2514 661 2593 scribamque
683 2511 834 2576 tinentert
851 2534 888 2575 an
913 2513 1011 2575 omnis
1133 2521 1177 2571 265

187 2599 309 2660 Visuros
330 2608 451 2678 peccata
472 2611 573 2678 putem
596 2604 669 2672 mea,
692 2609 773 2660 tutus
795 2608 825 2660 et
846 2600 923 2659 intra

191 2684 280 2762 Spem
303 2684 404 2744 veniae
428 2682 552 2745 cautus?
574 2684 659 2745 vitavi
682 2684 809 2761 denique
832 2683 959 2763 culpam,

189 2770 256 2829 lton
279 2768 394 2830 laudem
417 2770 528 2830 merui:
551 2788 602 2830 vos
625 2768 800 2849 exemplaria
822 2767 931 2829 Graeca

188 2854 340 2915 Nocturna
362 2864 474 2915 versate
496 2872 596 2926 manu,
619 2863 732 2916 versate
754 2853 869 2913 diurna.

189 2939 227 2998 At
248 2938 335 2999 vestri
358 2939 459 3018 proavi
482 2938 634 3001 Plautinos
657 2949 685 3000 et
708 2957 848 3000 numeros
870 2948 899 2999 et
1134 2943 1177 2994 tto

111 3062 116 3072 ·
189 3023 357 3083 laudavere
381 3024 464 3099 sales,
489 3024 611 3084 nimium
634 3025 783 3104 patienter
804 3032 973 3102 utrumque,

188 3108 231 3168 Nc
254 3108 348 3168 dicam
370 3108 467 3183 stulte,
489 3110 596 3182 mirati,
618 3112 644 3170 si
664 3109 753 3170 modo
775 3127 830 3188 ego
854 3118 883 3169 et
903 3127 955 3168 vos

125 3204 130 3215 ·
190 3192 304 3253 Scimus
327 3193 506 3255 inurbanum
530 3195 626 3274 lepido
649 3212 795 3273 seponere
818 3194 895 3255 dicto

190 3277 428 3357 legitimumque
450 3298 558 3340 sonum
580 3279 678 3357 digitis
700 3278 839 3340 callemus
861 3288 892 3339 et
913 3295 994 3338 aure.
1018 3309 1058 3320 -

192 3361 330 3440 lgnotum
353 3363 482 3442 tragicae
504 3383 598 3442 genus
620 3365 767 3426 invenisse
792 3363 936 3425 Camenae
1132 3367 1178 3418 275

189 3447 303 3508 llicitur
326 3457 355 3509 et
377 3449 514 3527 plaustris
535 3449 647 3511 vexisse
669 3457 805 3529 poemata
827 3448 952 3526 Thespis

97 3567 307 3578 ——..-.

188 3647 212 3684 o.
231 3633 281 3683 tta
299 3630 420 3684 accedere
437 3629 535 3698 Pcrpb.
555 3632 559 3700 Ι
579 3633 676 3685 iussum
694 3633 726 3684 M
736 3630 825 3699 proeli
844 3633 883 3685 ed.
901 3648 926 3684 a.
949 3630 1012 3683 1879
1028 3643 1055 3691 p.
1073 3625 1148 3678 Llllll
1169 3624 1174 3685 l

97 3702 151 3754 253
172 3713 275 3750 momen
293 3699 449 3751 Ribbeckius
467 3704 492 3750 et
505 3700 634 3755 Usenerus
651 3718 694 3767 ap.
713 3701 797 3763 Rrec,
815 3705 844 3751 ot
862 3698 897 3761 of.
910 3698 961 3750 ΑΚ
982 3697 985 3766 l
1009 3698 1059 3748 256
1078 3694 1175 3766 alterna

97 3770 162 3823 Vol.
186 3767 336 3819 Slotlrower
362 3774 413 3821 act.
437 3768 489 3820 titt.
516 3773 604 3821 societ.
631 3769 850 3823 liliano-Troiam.
878 3771 902 3833 3,
931 3771 994 3826 191;
1015 3765 1041 3818 0.
1059 3765 1092 3816 F.
1111 3763 1176 3813 Her·

97 3851 184 3888 mann
203 3837 298 3889 Portet.
320 3840 359 3901 ll),
378 3838 427 3890 233
439 3853 477 3902 sq.
493 3835 497 3902 Ι
513 3838 563 3890 265
574 3854 631 3904 sqq.
650 3837 764 3901 licenter,
783 3851 814 3888 an
827 3873 834 3888 .
848 3873 855 3889 .
867 3839 943 3888 med?
963 3836 1178 3887 tutamentis

97 3907 131 3977 [a.
152 3907 263 3970 cautus,)
287 3904 366 3956 vitavi
384 3905 588 3956 Doederleinius
614 3913 618 3970 t
646 3907 694 3958 273
713 3905 807 3957 dictum
825 3907 860 3969 (a)
