2474 4440
113 257 172 315 tto

507 257 723 309 statuariunt!
743 262 781 312 10.

198 432 275 491 Dura
300 429 351 491 tihi
375 431 540 509 peragenda
563 431 605 490 rei
628 431 666 490 sit
688 449 775 491 cansa
798 429 918 491 Petilli?

197 516 314 576 Scilicet
336 515 442 575 ohlitos
465 516 635 593 patriaeque
658 516 807 593 patrisque
830 516 937 590 Latini,

198 601 270 662 Cum
293 601 399 661 l’edius
422 618 524 660 causas
547 600 669 660 exsudet
691 601 839 680 Poplicola
862 611 949 680 atque

197 686 349 758 Corvinus,
372 687 474 764 patriis
496 685 699 745 intermiscere
723 687 814 764 petita

196 771 289 831 Verba
312 771 383 832 loris
405 770 497 840 malis,
522 769 660 831 Canusini
684 789 767 830 more
789 768 951 849 bilinguis?

195 859 291 934 Atque
313 875 368 934 ego
391 874 458 916 cum
482 854 610 915 Graecos
632 857 768 927 lacerem,
793 865 879 917 natus
902 874 984 917 mare
1008 859 1093 932 citra,

195 941 371 1012 Versiculos,
393 941 485 1000 vetnit
508 941 625 1000 metali
648 959 718 1000 voce
742 940 893 1014 Quirinus,

195 1027 265 1087 Post
287 1026 411 1086 mediam
435 1034 553 1086 noctem
575 1026 663 1099 visus,
687 1044 755 1086 oum
778 1029 891 1087 somnia
913 1044 1000 1088 vera:

193 1105 240 1171 ‘ln
264 1112 362 1172 silvam
388 1130 448 1170 non
471 1111 550 1188 ligna
575 1112 650 1171 leras
673 1111 805 1172 insanius
827 1129 861 1171 ac
883 1112 908 1172 si

198 1197 318 1275 Magnas
341 1195 521 1256 Graecorum
546 1196 627 1256 malis
651 1197 772 1275 implere
795 1187 943 1257 catervas.³
970 1231 1014 1241 -

197 1282 345 1360 Turgidns
366 1281 490 1360 Alpinus
512 1281 623 1360 iugulat
646 1282 714 1341 dum
738 1280 895 1342 Memnona
918 1281 1053 1360 dumque

196 1367 329 1445 Dillingit
351 1366 447 1426 Rheni
471 1365 584 1426 luteum
607 1375 705 1445 caput,
728 1365 801 1427 haec
823 1386 878 1445 ego
901 1366 983 1440 ludo,

197 1452 278 1522 Quae
302 1471 399 1529 neque
420 1452 451 1511 in
476 1452 545 1511 aede
568 1459 677 1511 sonent
699 1452 842 1512 certantia
866 1452 962 1512 indice
986 1451 1085 1532 Tarpa

195 1538 256 1598 Nec
280 1538 401 1598 redeant
423 1537 530 1596 iterum
553 1546 641 1615 atque
664 1537 771 1597 iterum
793 1536 953 1616 spectanda
975 1537 1109 1599 theatris.

196 1626 306 1701 Arguta
330 1622 484 1683 meretrice
508 1631 592 1700 potes
615 1623 753 1700 Davoque
777 1621 932 1682 Chremeta

194 1707 340 1768 Eludente
362 1726 464 1768 senem
488 1707 580 1767 comis
601 1707 713 1784 garrire
735 1706 849 1767 libellos

195 1793 279 1853 Unus
299 1794 440 1866 virorum,
464 1792 615 1866 Fundani3
640 1792 734 1852 Pollio
755 1810 858 1871 regum

197 1877 284 1938 Facta
308 1879 387 1938 canit
409 1877 483 1956 pede
506 1887 551 1938 ter
573 1895 731 1957 percusso;
754 1879 829 1937 forte
853 1896 924 1955 epos
947 1896 1027 1952 acer,

199 1962 236 2022 Ut
259 1982 356 2037 nemo,
380 1962 484 2023 Varius
507 1962 602 2036 ducit;
626 1963 713 2022 molle
736 1971 824 2041 atque
848 1964 974 2023 facetum

201 2048 325 2127 Vergilio
348 2049 517 2108 adnuerunt
538 2048 701 2125 gaudentes
723 2065 792 2108 rure
816 2047 970 2108 Camenae.

199 2132 262 2193 lloo
285 2143 355 2205 erat,
379 2143 499 2210 experto
522 2133 630 2193 lrustra
655 2133 785 2193 Varrone
808 2132 931 2192 Atacino

196 2219 291 2297 htque
314 2217 488 2296 quibusdam
509 2218 581 2290 aliis,
604 2218 709 2278 melius
732 2219 810 2296 quod
834 2218 965 2279 scrihere
988 2237 1115 2297 possem.

198 2303 355 2363 lnventore
378 2303 485 2375 minor,
509 2322 606 2381 neque
629 2322 684 2382 ego
707 2303 748 2363 illi
771 2302 925 2363 detrahere
947 2304 1042 2364 ausim

197 2388 375 2449 Haerentem
397 2388 484 2466 capiti
507 2406 574 2448 cum
597 2389 687 2448 multa
711 2387 795 2448 laude
818 2406 969 2448 coronam.
995 2423 1037 2434 -

195 2477 233 2533 tlt
254 2474 312 2534 dixi
334 2474 426 2533 fluere
447 2474 528 2533 hunc
550 2473 740 2547 lutulentum,
763 2492 850 2552 saepe
873 2475 1019 2533 ferentem

195 2559 283 2619 Plura
306 2560 423 2638 quidem
447 2558 575 2618 tollenda
597 2558 809 2636 relinquendis.
853 2559 923 2638 Age,
948 2577 1070 2636 quaeso,

196 2644 240 2704 Tu
264 2645 337 2705 nihil
359 2645 389 2704 in
414 2662 521 2722 magno
544 2644 647 2705 doctus
670 2643 863 2721 reprehendis
885 2641 1041 2704 Homero‘l

194 2729 242 2789 Nil
264 2730 356 2790 comis
378 2729 481 2807 tragici
504 2738 598 2789 mutat
619 2728 749 2789 Lucilius
772 2727 850 2799 Acci,

196 2814 262 2874 Non
285 2815 362 2875 ridet
383 2832 485 2875 versus
508 2813 586 2873 Enni
610 2814 749 2892 gravitate
770 2813 913 2885 minores

198 2898 269 2959 Cum
292 2901 328 2959 de
350 2919 382 2961 se
404 2900 536 2978 loquitur
559 2918 619 2958 non
643 2908 677 2958 nt
698 2899 809 2957 maiore
832 2894 1003 2976 reprensis‘l

197 2984 275 3054 Quid
297 2994 373 3045 vetat
396 2994 425 3044 et
447 2993 563 3045 nosmet
584 2983 679 3043 Lucili
700 2983 808 3062 scripta
832 2982 957 3060 legentis

198 3068 356 3143 Quaerere,
380 3089 451 3130 num
475 3069 560 3138 illius,
585 3087 656 3128 num
680 3086 780 3127 rerum
803 3068 875 3128 dura
899 3067 1017 3145 negarit

197 3153 363 3216 Versiculos
386 3164 488 3215 natura
513 3154 604 3232 magis
626 3154 719 3213 laotos
742 3162 771 3212 et
792 3152 890 3213 euntis

198 3237 314 3300 Mollius
336 3258 369 3299 ac
392 3240 483 3317 siquis
505 3239 630 3317 pedihus
652 3238 723 3316 qnid
746 3238 882 3298 claudere
904 3237 994 3310 senis,

197 3323 260 3384 Hoc
282 3333 396 3384 tantum
420 3333 588 3395 contentus,
611 3333 688 3383 amet
710 3323 861 3401 scripsisse
884 3322 1030 3382 ducentos

197 3411 273 3469 Ante
295 3409 393 3469 cibum
415 3428 524 3481 versus,
547 3409 667 3468 totidem
692 3416 821 3478 cenatus,
845 3405 963 3467 Etrusci

197 3492 289 3562 Quale
311 3493 367 3554 luit
389 3493 466 3554 Cassi
489 3494 590 3572 rapido
614 3492 774 3553 lerventius
796 3491 874 3552 amni

196 3577 361 3657 lngenium,
385 3579 479 3658 capsis
501 3597 590 3657 quem
613 3580 687 3638 fama
710 3587 754 3638 est
777 3596 839 3638 esse
862 3576 1003 3654 librisque

197 3745 219 3796 X
237 3763 261 3801 a.
281 3748 312 3799 27
332 3746 436 3809 oblitos]
454 3745 553 3796 Bontl.:
572 3745 668 3796 oblitus
684 3744 688 3806 Ι
704 3744 783 3796 latine
801 3746 836 3808 (v)
853 3744 944 3806 ,latine
961 3743 1107 3794 Lambinus

111 3815 142 3868 at
163 3818 251 3880 atque]
269 3838 302 3858 =
319 3814 508 3864 Luchmonmtr
525 3814 561 3863 nd
577 3813 657 3866 Luor.
676 3812 787 3864 111415:
806 3812 877 3878 atqui
895 3814 930 3877 (v)
955 3813 959 3876 Ι
980 3814 1011 3864 at
1031 3805 1115 3863 definss

111 3881 223 3933 (lillindit
241 3888 288 3936 etc.
317 3883 320 3950 l
349 3884 381 3935 39
408 3888 522 3946 spectata
542 3883 576 3945 (υ)
603 3886 607 3947 Ι
635 3883 667 3932 ta
691 3881 743 3932 lata
761 3881 804 3945 (u),
823 3880 965 3931 Horlcelius
982 3872 1114 3930 anatho

114 3951 225 4016 14Θεᾳᾳ.
241 3952 246 4018 l
261 3954 293 4004 45
312 3950 445 4003 adnuerint
463 3951 497 4015 (ol
516 3950 655 4001 adnuerant
673 3950 709 4015 (o)
724 3949 728 4015 1
744 3952 776 4000 tt
794 3949 891 4014 possim
909 3950 944 4013 (o)
960 3949 964 4016 Ι
981 3952 1010 4001 51
1031 3951 1115 4012 quaem
