2474 4440
387 245 559 298 GARMlNUM
578 248 596 300 ll
616 252 655 303 ll.
679 254 716 303 12.

149 415 288 477 Petamus
306 415 409 477 uncti'l
425 418 546 497 dissipat
560 418 673 481 Euhius

149 500 239 562 Cures
255 501 362 562 edacis.
393 501 466 571 Quis
481 521 556 580 puer
572 504 653 565 ocius

188 585 367 665 Restinguet
381 587 510 647 ardentis
525 587 642 648 Falerni

246 670 352 730 Pocula
367 679 575 750 praetereunte
592 673 732 752 lympha?

149 785 220 857 Quis
238 788 353 848 devium
368 798 499 849 scortum
515 789 611 850 eliciet
626 791 713 853 domo

149 870 273 952 Lyden?
303 871 434 944 liburna,
450 872 496 933 die
511 891 574 952 age,
591 893 658 934 cum
675 877 735 956 lyra

189 959 325 1029 Maturet‚
342 957 370 1017 in
388 967 538 1036 comptum
556 959 705 1022 Lacaenae

246 1042 329 1102 More
346 1059 461 1101 comam
476 1042 596 1120 religata
614 1044 742 1106 nedum!

483 1195 632 1205 —

532 1293 584 1354 Xll

148 1408 228 1472 Nolis
245 1411 331 1491 longa
349 1413 425 1472 lerae
441 1410 516 1471 hella
532 1412 705 1474 Numantiae

148 1495 206 1555 Nec
221 1496 318 1556 dirum
335 1496 530 1556 Hannibalem
547 1516 602 1558 nec
618 1499 748 1559 Siculum
766 1517 844 1560 mare

149 1579 247 1641 Poeno
263 1598 445 1659 purpureum
461 1582 605 1658 sanguine
622 1582 759 1644 mollibus

234 1666 335 1744 Aptari
352 1666 479 1725 citharae
495 1666 589 1727 modis

149 1782 206 1843 Nec
221 1802 325 1844 saevos
341 1783 479 1863 Lapithas
495 1793 524 1843 et
538 1784 662 1844 nimium
677 1803 759 1845 mero

148 1866 290 1946 Hylaeum
308 1867 493 1946 domitosque
511 1868 653 1930 Herculea
670 1887 759 1930 manu

149 1952 275 2013 Telluris
292 1952 422 2026 iuvenes,
439 1952 517 2013 unde
533 1953 697 2031 periculum

222 2036 351 2116 Fulgens
366 2038 545 2098 contremuit
559 2038 664 2099 demus

148 2153 266 2215 Saturni
283 2155 404 2216 veteris:
421 2163 512 2234 tuque
527 2155 714 2234 pedestribus

147 2238 232 2300 Dices
247 2240 378 2300 historiis
393 2240 502 2318 proelia
520 2240 659 2313 Caesaris,

148 2324 311 2404 Maecenas,
328 2324 432 2385 melius
447 2323 594 2402 ductaque
609 2344 662 2403 per
677 2324 737 2387 vias

219 2408 331 2487 Regum
348 2408 422 2469 colla
439 2409 606 2470 minacium.
623 2444 664 2453 -

146 2523 191 2585 lle
207 2524 300 2588 dulcis
316 2526 452 2588 dominae
468 2526 549 2587 llusa
567 2527 735 2606 Licymniae

147 2607 265 2683 Cantus,
283 2630 331 2671 me
346 2612 436 2671 voluit
451 2612 547 2671 dicere
564 2612 692 2673 lucidum

147 2692 299 2774 Fulgentis
316 2696 417 2756 oculos
432 2704 462 2756 et
477 2696 553 2757 hene
569 2697 678 2758 mutuis

223 2779 327 2840 Fidum
343 2789 446 2859 pectus
461 2781 620 2854 amoribus,

144 2895 236 2966 Quam
254 2915 310 2957 nec
325 2899 401 2959 lerre
415 2898 521 2977 pedem
537 2899 673 2959 dedecuit
688 2899 787 2960 choris

144 2979 203 3041 Nec
219 2991 333 3042 certare
348 2983 414 3043 ioco
430 3001 486 3043 nec
502 2983 570 3043 dare
587 2983 721 3043 bracchia

144 3063 307 3127 Ludentem
323 3067 423 3128 nitidis
437 3067 600 3145 virginibus
614 3085 698 3127 sacro

223 3151 332 3211 llianae
348 3152 473 3213 celebris
488 3151 544 3212 die.
568 3185 608 3194 —·

143 3266 219 3328 Num
236 3278 266 3329 tu
284 3286 359 3346 quae
376 3269 472 3331 tenuit
486 3269 566 3330 dives
581 3268 779 3330 Achaemenes

142 3352 200 3412 Aut
218 3353 339 3432 pinguis
355 3354 496 3434 Phrygiae
513 3354 684 3433 Mygdonias
700 3372 771 3431 opes

143 3435 313 3498 Permutare
330 3439 399 3499 velis
415 3439 497 3498 crine
513 3438 682 3517 Licymniae

216 3522 321 3584 Plenas
336 3531 387 3583 aut
402 3523 530 3583 Arabum
547 3523 660 3593 domos,

96 3653 215 3665 *Q—

101 3766 129 3820 lll
147 3786 169 3821 v.
184 3771 217 3822 23
237 3772 393 3838 incomptum
412 3788 427 3821 υ
446 3773 582 3824 incomtam
601 3772 635 3835 (a)
650 3773 733 3822 Bentt.
759 3769 762 3838 Ι
789 3772 821 3822 24
834 3783 921 3823 cernas
941 3774 967 3819 et
979 3782 1067 3820 comae

96 3849 120 3885 re
136 3839 231 3904 Por-ph.
246 3841 251 3901 l
267 3839 334 3891 nodo
352 3840 436 3893 Beatl.

101 3901 138 3954 llll
158 3923 182 3959 υ.
202 3908 217 3958 2
236 3906 329 3970 dirum]
348 3910 383 3972 (v)
401 3907 436 3968 ef.
455 3924 477 3959 c.
496 3906 525 3958 lll
544 3910 569 3970 d,
587 3909 631 3968 36;
650 3906 682 3958 lv
702 3910 726 3970 4,
744 3908 789 3957 42:
808 3904 898 3956 durum
