2474 4440
386 239 559 292 CARMlNUM
577 239 610 292 lv
630 243 668 294 12.
689 243 729 294 13.

145 412 207 472 lam
230 430 286 473 uec
308 420 391 491 prata
414 413 511 491 rigent
534 431 590 472 nec
612 413 690 472 lluvii
714 423 852 494 strepunt

222 495 353 557 Hiberna
376 497 442 557 nive
463 498 582 575 turgidi.

144 616 252 676 Nidum
274 615 367 693 ponit,
391 614 454 692 ltyn
479 616 615 675 llebiliter
637 634 768 692 gemens,

146 700 251 760 Infelix
275 699 334 760 avis
357 708 386 759 et
407 697 565 779 Cecropiae
589 701 693 760 domus

144 787 307 846 Aeternum
332 784 533 862 opprobrium,
558 786 635 861 (ruod
660 786 734 845 male
757 785 895 846 barbaras

223 869 337 946 Regum
359 879 403 929 est
425 869 484 928 ulta
507 868 652 930 libidines.

146 987 257 1048 Dicunt
279 987 308 1047 in
332 995 435 1047 tenero
458 988 591 1063 gramine
614 987 769 1065 pinguium

147 1071 289 1133 Custodes
313 1072 409 1131 ovium
432 1071 562 1143 carmina
585 1071 681 1131 listula

148 1157 361 1234 Delectantque
384 1156 480 1228 deum,
503 1156 551 1215 cui
575 1175 665 1233 pecus
687 1165 716 1216 et
739 1157 839 1237 nigrae

225 1239 319 1302 Colles
340 1241 480 1301 Arcadiae
503 1240 630 1319 placent.

148 1358 304 1419 Adduxere
326 1359 402 1419 sitim
427 1368 569 1437 tempora,
593 1358 714 1436 Vergili3

150 1444 207 1504 Sed
230 1461 363 1522 pressum
387 1442 504 1504 Calibus
526 1444 634 1503 ducere
656 1443 798 1504 Liberum

149 1528 180 1588 Si
203 1528 301 1608 gestis,
324 1529 462 1589 iuvenum
487 1528 629 1588 nobilium
653 1527 755 1600 cliens,

225 1613 322 1672 Nardo
344 1613 410 1673 vina
433 1614 594 1673 merebere.

149 1731 239 1791 Nardi
261 1749 367 1810 parvus
389 1750 468 1810 onyx
491 1731 586 1792 eliciet
608 1731 722 1804 cadum,

150 1817 209 1887 Oui
232 1834 312 1875 nunc
335 1815 471 1895 Sulpiciis
493 1817 617 1877 adcubat
639 1817 763 1887 horreis,

151 1900 226 1979 Spes
249 1900 359 1961 donare
383 1919 473 1960 novas
494 1902 592 1978 largus
613 1918 770 1979 amaraque

228 1984 369 2046 Curarum
393 1984 492 2045 eluere
515 1987 627 2046 efficax.

150 2102 193 2161 Ad
217 2121 291 2181 quae
313 2104 338 2164 si
360 2121 502 2182 properas
525 2105 637 2183 gaudia,
661 2125 728 2166 eum
752 2114 801 2166 tua

150 2187 240 2248 Velox
263 2205 361 2248 merce
384 2188 465 2247 veni:
490 2209 550 2249 non
574 2209 629 2268 ego
652 2198 680 2250 te
704 2191 777 2251 meis

150 2273 307 2333 lumunem
330 2273 456 2333 meditor
478 2274 591 2351 tingere
615 2276 739 2352 poculis,

228 2357 317 2418 Plena
339 2358 418 2418 dives
440 2367 474 2418 ut
495 2359 525 2418 in
549 2360 646 2419 domo.

152 2475 260 2535 Verum
283 2494 362 2554 poue
384 2493 482 2536 moras
505 2485 534 2536 et
555 2477 683 2537 studium
708 2479 784 2538 lucri
890 2483 894 2489 '

151 2560 368 2639 Nigrorumque
391 2579 514 2631 memor,
538 2562 606 2621 dum
629 2562 705 2634 licet,
730 2564 843 2640 ignium

152 2643 241 2706 Misce
263 2645 415 2705 stultitiam
438 2645 568 2706 consiliis
591 2647 723 2707 brevem:

228 2729 319 2790 Dulce
342 2739 386 2791 est
408 2729 541 2808 desipere
564 2732 594 2791 in
618 2732 693 2792 loco.

529 3117 597 3177 Xlll

154 3233 307 3306 Audivere,
332 3234 417 3313 Lyce,
441 3235 471 3296 di
492 3253 556 3296 mea
579 3245 653 3308 vota,
676 3237 704 3295 di

154 3319 308 3390 Audivere,
332 3319 422 3397 Lycei
446 3321 482 3381 lis
504 3338 588 3392 anus,
612 3331 640 3380 et
663 3331 763 3381 tamen

203 3402 249 3464 Vis
271 3404 398 3464 formosa
422 3404 512 3465 videri

254 3487 401 3566 Ludisque
424 3499 453 3550 et
474 3489 551 3550 bibis
573 3489 730 3568 impudens

13 3657 231 3671 ’,ί-...-

110 3772 154 3824 llll
167 3789 190 3823 υ.
206 3776 234 3825 11
250 3774 346 3838 nigrae]
365 3773 408 3836 (o),
427 3773 508 3822 unius
525 3787 560 3824 se.
580 3771 636 3823 cod.
650 3772 798 3822 Batteb'nnt
816 3789 840 3823 o.
860 3771 877 3824 l.
891 3773 970 3836 prob.
989 3773 1018 3819 in
1036 3769 1098 3820 adn.

14 3841 161 3899 Bentleim
189 3857 242 3892 rec.
262 3841 370 3892 Mende
388 3842 420 3890 at
440 3858 465 3890 a.
486 3839 564 3891 1874:
592 3839 656 3904 nigri
681 3839 685 3906 Ι
714 3839 945 3903 lbmereberislo)
968 3842 972 3905 l
997 3838 1029 3889 28
1042 3837 1099 3888 ioco

15 3911 97 3964 codd.
117 3910 219 3975 Porpb.
239 3910 275 3959 ad
291 3925 331 3975 ap.
350 3909 360 3959 l
380 3909 420 3971 18,
439 3910 470 3959 60
