2474 4440
332 989 879 1088 CARMINUM

476 1172 569 1225 truta
587 1172 734 1227 TERTIUS.

604 1345 614 1404 Ι

203 1462 253 1522 Odi
269 1463 426 1542 profanum
446 1463 548 1540 volgus
563 1473 593 1522 et
607 1481 702 1523 arceo.

201 1546 301 1608 Favete
317 1547 439 1626 linguis!
457 1548 586 1607 carmina
605 1566 663 1607 non
680 1549 763 1627 prius

242 1631 346 1692 Audita
361 1632 512 1692 Musarum
529 1632 666 1692 sacerdos

294 1716 463 1794 Virginibus
479 1717 639 1795 puerisque
656 1727 752 1776 canto.

198 1834 307 1913 Regum
324 1834 522 1895 timendorum
539 1834 568 1894 in
586 1835 723 1913 proprios
739 1853 852 1915 greges,

198 1918 291 1997 Reges
307 1920 335 1979 in
353 1920 433 1998 ipsos
452 1920 607 1998 imperium
626 1929 670 1980 est
685 1920 768 1992 loris,

244 2005 318 2065 Clari
336 2004 479 2084 Giganteo
496 2005 657 2082 triumpho,

295 2089 405 2150 Cuncta
422 2089 581 2168 supercilio
597 2089 750 2150 moventis.
768 2125 807 2134 -

198 2207 247 2267 Est
262 2217 294 2267 ut
309 2208 371 2267 viro
385 2207 430 2266 rir
445 2207 530 2274 latius
546 2206 664 2266 ordinet

198 2293 319 2352 Arbusta
336 2291 435 2364 sulcis,
452 2292 498 2351 hic
515 2292 689 2370 generosior

241 2376 405 2437 Desceudat
420 2377 448 2436 in
467 2393 604 2453 campum
621 2377 739 2454 petitor,

292 2461 424 2520 Moribus
440 2460 487 2519 hic
503 2460 667 2537 meliorque
683 2463 757 2520 iarna

199 2578 369 2650 Contendat‚
387 2577 426 2637 itti
444 2576 529 2636 turba
546 2577 697 2637 clientium

198 2665 239 2724 Sit
254 2663 365 2723 maior:
380 2678 472 2739 aequa
490 2661 553 2739 lege
569 2662 732 2722 Necessitas

243 2747 373 2808 Sortitur
388 2746 513 2823 insignis
528 2756 557 2806 et
572 2747 656 2818 imos,

294 2826 390 2893 Omne
406 2848 497 2909 capax
513 2840 609 2890 movet
625 2849 700 2891 urna
717 2850 837 2892 nomen.

198 2947 359 3009 destrictus
374 2947 454 3008 ensis
469 2948 516 3007 cui
531 2967 621 3027 super
636 2948 723 3026 impia

199 3031 313 3093 Cortice
328 3031 447 3110 pendet,
466 3051 525 3092 non
542 3033 656 3092 Sicuiae
672 3034 760 3111 dapes

241 3117 363 3178 Dulcem
380 3116 574 3176 elaborabunt
588 3135 733 3196 saporem,

291 3202 356 3262 Nou
374 3201 470 3262 avium
485 3202 672 3279 citharaeque
688 3211 792 3262 cautus

199 3320 339 3381 Somnum
356 3321 508 3380 reducent.
540 3320 670 3379 Somnus
686 3320 842 3398 agrestium

198 3403 283 3467 Lenis
297 3406 428 3465 virorum
446 3425 505 3465 non
523 3404 640 3464 humilis
656 3405 759 3464 domos

244 3489 366 3551 Fastidit
381 3490 609 3566 umbrosamque
626 3489 729 3567 ripam,

292 3575 357 3635 Non
375 3574 516 3654 Zephyris
531 3575 636 3652 agitata
654 3574 774 3653 Tempe.
791 3608 831 3617 -

79 3684 267 3718 χ*

147 3807 161 3860 ¹
185 3836 205 3872 v.
222 3827 236 3876 9
255 3830 311 3878 esto
329 3828 363 3875 ci.
380 3826 464 3876 Bentt.

114 3892 230 3958 110rectius.
