2474 4440
453 224 494 276 DE
512 223 599 277 ARTE
617 223 764 279 POETlGd.

156 397 289 458 Reddere
312 415 455 475 personae
478 396 533 457 scit
555 397 760 457 convenientia
782 398 899 475 cuique.

157 483 316 562 Respicere
339 482 487 560 exemplar
509 482 582 541 vitae
606 500 783 560 morumque
806 481 913 544 iubebo

157 568 280 629 Doctum
305 567 480 627 imitatorem
504 577 533 626 et
554 568 631 627 vivas
654 568 723 628 hinc
745 569 853 627 ducere
875 587 971 631 voces.

158 653 310 714 Interdum
333 653 465 730 speciosa
488 652 560 712 locis
584 661 755 730 morataque
777 662 858 714 recte

157 737 264 797 Fabula
289 736 397 797 nullius
418 737 544 809 veneris,
567 737 630 797 sine
654 737 786 815 pondere
808 747 837 797 et
859 748 929 808 arte,
1096 749 1140 801 330

157 822 273 883 Valdius
296 821 422 882 oblectat
444 820 586 900 populum
611 823 772 900 meliusque
795 831 926 883 moratur

156 907 249 978 Quam
271 925 373 967 versus
396 907 500 985 inopes
523 924 621 967 rerum
646 925 801 985 nugaeque
824 926 957 968 canorae.

156 993 238 1053 Grais
261 992 424 1069 ingenium,
448 992 531 1052 Grais
554 991 633 1051 dedit
655 1011 706 1052 ore
729 992 857 1053 rotundo

156 1078 236 1138 illusa
260 1077 351 1155 loqui,
374 1085 491 1173 praeter
512 1077 627 1137 laudem
652 1077 761 1138 nullius
783 1079 890 1153 avaris;

155 1160 279 1224 Romani
301 1162 386 1258 pueri
408 1162 505 1238 longis
529 1162 693 1222 rationibus
715 1180 808 1223 assem
1097 1172 1139 1223 333

155 1247 306 1310 Discunt
299 1266 328 1306 ru
353 1247 443 1342 partis
465 1265 518 1306 cen
523 1254 584 1306 tum
608 1246 756 1308 diducere.
797 1239 894 1308 Dicat

154 1332 245 1393 Filius
268 1331 382 1393 Albini:
405 1332 429 1393 si
452 1332 488 1391 de
511 1332 680 1408 quincunce
702 1341 814 1392 remota
838 1343 882 1394 est

156 1417 260 1491 Uncia,
283 1417 352 1512 quid
375 1414 555 1495 superat‘l-
579 1416 699 1477 Poteras
721 1407 848 1478 dixisse.
868 1408 1005 1478 <333033.>
1028 1410 1103 1477 ‘Eul

153 1502 226 1562 Rem
249 1501 360 1603 poteris
382 1518 499 1562 servare
521 1510 612 1561 tuam.
656 1501 743 1562 Redit
764 1503 862 1575 uncia,
885 1502 954 1581 quid
980 1496 1043 1562 lit‘l'

149 1577 276 1648 ‘Semis'
317 1589 373 1656 An,
396 1586 467 1646 haec
490 1586 603 1646 animos
627 1604 735 1665 aerugo
759 1597 787 1647 et
809 1606 879 1648 cura
902 1588 998 1666 peculi
1095 1597 1138 1648 330

152 1672 225 1733 Cum
249 1673 340 1733 semel
362 1670 511 1744 imbuerit,
534 1689 687 1750 speramus
709 1674 838 1733 carmina
862 1673 933 1751 fingi

152 1757 243 1819 Posse
265 1757 386 1817 linenda
406 1757 496 1817 cedro
520 1765 549 1815 et
571 1756 624 1816 levi
647 1758 788 1818 servanda
812 1755 974 1836 cupresso?
1000 1791 1036 1801 -

151 1843 210 1903 Aut
231 1840 372 1921 prodesse
395 1841 497 1902 volunt
519 1850 570 1901 aut
591 1841 736 1901 delectare
758 1852 863 1921 poetae

152 1929 210 1988 Aut
233 1927 320 1988 simul
342 1936 370 1986 et
392 1926 519 1986 iucunda
542 1936 571 1986 et
593 1927 699 1986 idonea
722 1927 819 1988 dicere
842 1928 924 1989 vitae.

150 2011 300 2090 Quidquid
324 2011 497 2090 praecipies,
520 2020 583 2072 esto
607 2011 712 2085 brevis,
735 2021 772 2072 ut·
790 2013 848 2074 cito
871 2012 946 2073 dicta
1094 2021 1136 2072 333

152 2097 321 2175 Percipient
343 2096 433 2156 animi
456 2095 566 2157 dociles
588 2105 768 2176 teneantque
790 2097 905 2159 fideles:

152 2181 249 2242 Omne
271 2198 485 2259 supervacuum
509 2179 598 2258 pleno
622 2182 657 2242 de
679 2191 800 2260 pectore
821 2192 931 2244 manat.

151 2267 232 2327 Ficta
255 2266 411 2344 voluptatis
433 2284 519 2327 causa
542 2266 602 2326 sint
624 2266 756 2345 proxima
778 2268 870 2329 veris:

150 2351 193 2412 Ne
216 2350 426 2430 quodcumque
448 2351 525 2411 volet
547 2361 650 2430 poscat
671 2351 727 2413 sibi
751 2352 845 2414 sabula
869 2352 949 2413 credi

152 2437 214 2497 Neu
238 2453 363 2515 pransae
384 2435 502 2496 Lamiae
523 2436 620 2496 vivum
643 2455 768 2515 puerum
792 2439 922 2498 extrahat
943 2437 1016 2497 alvo.
1095 2444 1138 2495 300

152 2520 308 2582 Centuriae
330 2521 479 2581 seniorum
504 2520 615 2598 agitant
637 2522 767 2600 expertia
791 2523 893 2601 frugis,

153 2606 227 2667 Celsi
248 2614 440 2685 praetereunt
462 2617 578 2666 austera
601 2614 735 2684 poemata
758 2606 902 2668 Ramnes:

152 2691 248 2752 Omne
270 2690 337 2751 tulit
358 2687 502 2770 punctum
526 2691 577 2768 qui
600 2691 718 2752 miscuit
740 2691 811 2751 utile
833 2691 921 2762 dulci,

152 2776 305 2836 lectorem
330 2775 504 2836 delectando
527 2776 697 2855 pariterque
719 2775 887 2849 monend0;

151 2861 206 2922 llic
228 2870 322 2920 meret
344 2879 410 2921 aera
434 2860 509 2921 liber
531 2860 631 2934 Sosiis,
654 2861 702 2921 hic
724 2870 754 2921 et
776 2878 857 2921 mare
878 2860 984 2921 transit
1092 2868 1137 2919 333

153 2945 189 3005 Ε3
212 2944 334 3025 longum
357 2955 429 3007 noto
452 2946 590 3025 scriptori
613 2956 754 3026 prorogat
775 2963 887 3007 aerum.

152 3030 228 3091 Sunt
250 3030 355 3091 delicta
378 3041 486 3098 333333,
510 3030 618 3109 quibus
640 3030 786 3109 ignovisse
808 3031 947 3101 velimus3

152 3114 223 3175 Nam
246 3133 344 3194 neque
366 3115 476 3177 chorda
499 3135 604 3177 sonum
628 3116 733 3189 reddit,
756 3134 843 3194 quem
866 3114 926 3175 volt
947 3130 1052 3174 manus

881 3208 910 3260 et
931 3216 1023 3268 mens,

152 3285 348 3362 Poscentique
370 3303 487 3363 gravem
509 3303 653 3365 persaepe
675 3285 801 3346 remittit
822 3295 950 3358 acutum,

152 3369 212 3430 Nec
234 3386 352 3448 semper
374 3370 459 3431 leriet
481 3372 690 3449 quodcumque
714 3369 875 3431 minabitur
897 3386 992 3431 arcus.
1093 3378 1136 3429 330

81 3491 260 3500 -ῇ-

149 3586 173 3621 3.
193 3573 242 3624 313
260 3570 386 3632 locis]=
402 3569 453 3622 B0:
471 3570 536 3623 iocis
553 3572 672 3634 (olld26
691 3570 775 3633 (33333,
791 3570 877 3621 Bentl.
892 3570 962 3627 l328
980 3573 1084 3634 superet
1102 3569 1137 3631 (a)

81 3609 973 3706 333331333333330133333.333333300393333,33333333σωί33
998 3635 1093 3700 philol.
1112 3638 1136 3697 3,

81 3704 757 3775 eesq1330autopatto)1331speremus1337
780 3705 987 3770 [1333331338
1006 3703 1082 3766 reris,
1100 3704 1135 3756 al.

81 3774 99 3834 Γ.
113 3773 181 3843 All!
197 3777 245 3828 333
259 3788 306 3827 333
320 3776 325 3839 l
340 3774 404 3826 uelit
418 3775 423 3839 l
439 3780 529 3841 poscet
546 3776 581 3839 (a)
599 3781 688 3840 posset
704 3778 740 3838 (o)
756 3774 760 3841 Ι
776 3777 825 3826 340
838 3772 953 3825 extrahet
965 3773 1000 3836 (a)
1018 3771 1114 3837 Porpd.
1129 3771 1134 3837 1

81 3847 115 3897 30
134 3857 288 3910 quocunque
306 3844 341 3907 (v)
358 3843 501 3910 cuicunque
519 3842 616 3896 Manli.
628 3843 779 3905 Bonfinia'
768 3858 798 3892 m
810 3841 873 3894 Hor.
887 3857 947 3907 opp.
965 3841 1135 3890 adnotatien

80 3913 249 3980 pudicumque
267 3910 419 3976 Madmgiuc
437 3912 497 3963 adv.
516 3914 576 3961 crit
594 3910 665 3973 tes)
763 3984 765 3988 .
1148 3930 1155 3938 .
