2474 4440
423 992 830 1095 CARMEN

527 1194 725 1249 SAECULARE.

216 1364 335 1426 Phoebe
358 1365 554 1444 silvarumque
577 1378 684 1446 potens
705 1369 806 1444 Diana,

216 1450 360 1513 Lucidum
383 1450 455 1512 caeli
477 1453 576 1526 decus,
599 1473 617 1513 o
639 1454 755 1514 colendi

217 1535 341 1617 Semper
363 1546 393 1596 et
415 1536 493 1610 culti,
517 1537 581 1597 date
604 1557 679 1616 quae
700 1557 857 1618 precamur

294 1622 440 1701 Tempore
463 1639 556 1694 sacro,

160 1752 174 1800 5
218 1740 284 1810 Quo
308 1739 443 1819 Sibyllini
466 1758 609 1800 monuere
632 1759 732 1802 versus

218 1824 354 1903 Virgines
376 1825 466 1885 lectas
489 1844 658 1904 puerosque
681 1836 777 1888 castos

217 1909 277 1983 Dis,
301 1909 409 1988 quibus
432 1921 545 1988 septem
568 1912 707 1989 placuere
730 1913 828 1988 colles,

296 1994 398 2055 Dicere
421 2013 551 2055 carmen.

218 2112 300 2172 Alme
323 2113 383 2187 Sol,
406 2132 495 2174 curru
519 2114 612 2174 nitido
635 2114 711 2174 diem
736 2115 786 2192 qui

147 2207 174 2258 10
218 2197 332 2260 Promis
356 2208 384 2259 et
407 2199 484 2259 celas
507 2199 640 2278 aliusque
663 2210 692 2259 et
714 2200 789 2259 idem
872 2190 874 2200 ’

218 2282 361 2357 Nasceris‚
384 2284 481 2363 possis
504 2284 576 2344 nihil
599 2286 673 2344 urbe
695 2284 787 2345 Roma

294 2368 394 2428 Visere
416 2369 524 2429 maiusl

218 2486 284 2549 Rite
306 2496 437 2548 maturos
459 2488 574 2566 aperire
597 2497 699 2566 partus

216 2571 317 2646 Lenis,
339 2572 464 2651 ilithyia,
486 2583 570 2633 tuere
593 2584 710 2647 matres,

146 2668 174 2717 15
219 2656 285 2718 Sive
308 2669 341 2719 tu
364 2659 476 2718 Lucina
499 2658 607 2736 probas
630 2659 725 2719 vocari

294 2745 351 2804 Seu
376 2743 532 2803 Genitalis:

217 2861 296 2937 Diva,
320 2863 467 2942 producas
490 2861 622 2921 subolem
646 2868 822 2939 patrumque

217 2945 379 3027 Prosperes
401 2948 518 3007 decreta
540 2964 629 3025 super
652 2945 787 3023 iugandis

217 3030 347 3094 Feminis
370 3033 521 3111 prolisque
544 3049 635 3092 novae
658 3030 746 3091 feraci

152 3126 181 3177 20
294 3120 373 3198 Lege
395 3118 509 3189 marita,

218 3235 324 3298 Certus
344 3238 480 3298 undenos
501 3235 620 3295 deciens
643 3253 696 3314 per
717 3252 812 3294 annos

218 3322 306 3384 Orbis
328 3335 360 3383 ut
383 3332 488 3382 cantus
510 3321 678 3397 reseratque
701 3320 786 3379 ludos

218 3407 276 3467 Ter
299 3408 345 3469 die
368 3407 446 3468 claro
470 3406 639 3483 totiensque
662 3414 742 3483 grata

294 3494 386 3553 Nocte
409 3492 582 3570 frequentis.

90 3648 293 3656 -——-—--

173 3797 196 3832 o.
216 3783 232 3831 4
250 3778 334 3844 prisco
352 3796 375 3830 o.
400 3780 417 3832 l.
442 3783 474 3828 ut
498 3779 554 3828 oid.
583 3794 598 3826 a
625 3777 722 3840 Porplt.
751 3774 836 3825 allata
863 3774 867 3838 l
896 3776 994 3839 5quo]
1022 3778 1075 3842 (elz
1105 3795 1139 3846 qu

21 3843 29 3917 ἵ,
51 3850 131 3906 ··t=
150 3849 207 3914 no)
226 3853 253 3897 et
271 3847 354 3914 quast
373 3850 403 3900 ic
421 3847 564 3914 Genetyuis
582 3844 669 3895 Bentt
686 3845 689 3909 ι
706 3846 738 3895 23
757 3841 914 3908 totidemque
