<?xml version="1.0" encoding="UTF-8"?>
<!DOCTYPE html PUBLIC "-//W3C//DTD XHTML 1.0 Transitional//EN"
    "http://www.w3.org/TR/xhtml1/DTD/xhtml1-transitional.dtd">
<html xmlns="http://www.w3.org/1999/xhtml" xml:lang="en" lang="en">
 <head>
  <title>
</title>
<meta http-equiv="Content-Type" content="text/html;charset=utf-8" />
  <meta name='ocr-system' content='tesseract 3.04.00' />
  <meta name='ocr-capabilities' content='ocr_page ocr_carea ocr_par ocr_line ocrx_word'/>
</head>
<body>
  <div class='ocr_page' id='page_1' title='image "./qhoratiiflaccic00hertgoog_0220.png"; bbox 0 0 2474 4440; ppageno 0'>
   <div class='ocr_carea' id='block_1_1' title="bbox 382 230 759 284">
    <p class='ocr_par' dir='ltr' id='par_1_1' title="bbox 382 230 759 284">
     <span class='ocr_line' id='line_1_1' title="bbox 382 230 759 284; baseline 0 -2"><span class='ocrx_word' id='word_1_1' title='bbox 382 230 611 284; x_wconf 78' lang='lat' dir='ltr'>EPISTULARUM</span> <span class='ocrx_word' id='word_1_2' title='bbox 630 231 639 282; x_wconf 95' lang='lat' dir='ltr'><strong>l</strong></span> <span class='ocrx_word' id='word_1_3' title='bbox 659 233 698 282; x_wconf 86' lang='grc'><strong>16.</strong></span> <span class='ocrx_word' id='word_1_4' title='bbox 719 233 759 284; x_wconf 90' lang='lat' dir='ltr'><strong>l&#39;l.</strong></span> 
     </span>
    </p>
   </div>
   <div class='ocr_carea' id='block_1_2' title="bbox 119 397 1002 638">
    <p class='ocr_par' dir='ltr' id='par_1_2' title="bbox 119 397 1002 638">
     <span class='ocr_line' id='line_1_2' title="bbox 122 397 848 486; baseline -0.006 -19"><span class='ocrx_word' id='word_1_5' title='bbox 122 405 317 486; x_wconf 82' lang='lat' dir='ltr'>Compedibus</span> <span class='ocrx_word' id='word_1_6' title='bbox 339 423 424 466; x_wconf 90' lang='lat' dir='ltr'><strong>saevo</strong></span> <span class='ocrx_word' id='word_1_7' title='bbox 449 415 476 464; x_wconf 92' lang='lat' dir='ltr'><strong>te</strong></span> <span class='ocrx_word' id='word_1_8' title='bbox 499 401 554 464; x_wconf 91' lang='lat' dir='ltr'><strong>sub</strong></span> <span class='ocrx_word' id='word_1_9' title='bbox 577 403 699 464; x_wconf 93' lang='lat' dir='ltr'><strong>custode</strong></span> <span class='ocrx_word' id='word_1_10' title='bbox 721 397 848 464; x_wconf 77' lang='lat' dir='ltr'><strong>tenebo.³</strong></span> 
     </span>
     <span class='ocr_line' id='line_1_3' title="bbox 119 482 1001 570; baseline -0.003 -19"><span class='ocrx_word' id='word_1_11' title='bbox 119 486 193 570; x_wconf 80' lang='lat' dir='ltr'><strong>‘lpse</strong></span> <span class='ocrx_word' id='word_1_12' title='bbox 217 491 299 563; x_wconf 87' lang='lat' dir='ltr'><strong>deus,</strong></span> <span class='ocrx_word' id='word_1_13' title='bbox 322 490 499 567; x_wconf 79' lang='lat' dir='ltr'><strong>simulatque</strong></span> <span class='ocrx_word' id='word_1_14' title='bbox 522 488 625 560; x_wconf 84' lang='lat' dir='ltr'><strong>volam,</strong></span> <span class='ocrx_word' id='word_1_15' title='bbox 650 506 696 548; x_wconf 88' lang='lat' dir='ltr'><strong>me</strong></span> <span class='ocrx_word' id='word_1_16' title='bbox 718 482 829 550; x_wconf 68' lang='lat' dir='ltr'><strong>solvet?</strong></span> <span class='ocrx_word' id='word_1_17' title='bbox 876 488 1001 568; x_wconf 87' lang='lat' dir='ltr'><strong>Opinor,</strong></span> 
     </span>
     <span class='ocr_line' id='line_1_4' title="bbox 123 567 1002 638; baseline -0.005 -2"><span class='ocrx_word' id='word_1_18' title='bbox 123 576 183 637; x_wconf 91' lang='lat' dir='ltr'><strong>Hoc</strong></span> <span class='ocrx_word' id='word_1_19' title='bbox 205 577 296 638; x_wconf 81' lang='lat' dir='ltr'>sentit</span> <span class='ocrx_word' id='word_1_20' title='bbox 315 567 456 635; x_wconf 88' lang='lat' dir='ltr'><strong>‘moriar’.</strong></span> <span class='ocrx_word' id='word_1_21' title='bbox 500 573 579 633; x_wconf 87' lang='lat' dir='ltr'><strong>Mors</strong></span> <span class='ocrx_word' id='word_1_22' title='bbox 602 572 702 633; x_wconf 90' lang='lat' dir='ltr'><strong>ultima</strong></span> <span class='ocrx_word' id='word_1_23' title='bbox 725 574 801 634; x_wconf 91' lang='lat' dir='ltr'><strong>linea</strong></span> <span class='ocrx_word' id='word_1_24' title='bbox 824 591 925 634; x_wconf 88' lang='lat' dir='ltr'><strong>rerum</strong></span> <span class='ocrx_word' id='word_1_25' title='bbox 948 584 1002 635; x_wconf 88' lang='lat' dir='ltr'><strong>est.</strong></span> 
     </span>
    </p>
   </div>
   <div class='ocr_carea' id='block_1_3' title="bbox 533 845 611 905">
    <p class='ocr_par' dir='ltr' id='par_1_3' title="bbox 533 845 611 905">
     <span class='ocr_line' id='line_1_5' title="bbox 533 845 611 905; baseline 0.013 -1"><span class='ocrx_word' id='word_1_26' title='bbox 533 845 611 905; x_wconf 87' lang='lat' dir='ltr'><strong>XVll</strong></span> 
     </span>
    </p>
   </div>
   <div class='ocr_carea' id='block_1_4' title="bbox 119 961 1123 3594">
    <p class='ocr_par' dir='ltr' id='par_1_4' title="bbox 123 961 996 1043">
     <span class='ocr_line' id='line_1_6' title="bbox 123 961 996 1043; baseline 0.002 -18"><span class='ocrx_word' id='word_1_27' title='bbox 123 964 270 1035; x_wconf 83' lang='lat' dir='ltr'><strong>Quamvis,</strong></span> <span class='ocrx_word' id='word_1_28' title='bbox 294 964 412 1035; x_wconf 87' lang='lat' dir='ltr'><strong>Scaeva,</strong></span> <span class='ocrx_word' id='word_1_29' title='bbox 435 964 503 1024; x_wconf 89' lang='lat' dir='ltr'><strong>satis</strong></span> <span class='ocrx_word' id='word_1_30' title='bbox 525 982 580 1043; x_wconf 94' lang='lat' dir='ltr'><strong>per</strong></span> <span class='ocrx_word' id='word_1_31' title='bbox 601 972 630 1022; x_wconf 98' lang='lat' dir='ltr'><strong>te</strong></span> <span class='ocrx_word' id='word_1_32' title='bbox 651 961 705 1023; x_wconf 87' lang='lat' dir='ltr'><strong>tibi</strong></span> <span class='ocrx_word' id='word_1_33' title='bbox 728 964 858 1024; x_wconf 90' lang='lat' dir='ltr'><strong>consulis</strong></span> <span class='ocrx_word' id='word_1_34' title='bbox 881 974 910 1025; x_wconf 95' lang='lat' dir='ltr'><strong>et</strong></span> <span class='ocrx_word' id='word_1_35' title='bbox 931 966 996 1037; x_wconf 89' lang='lat' dir='ltr'><strong>scis,</strong></span> 
     </span>
    </p>

    <p class='ocr_par' dir='ltr' id='par_1_5' title="bbox 123 1047 824 1141">
     <span class='ocr_line' id='line_1_7' title="bbox 123 1047 824 1141; baseline -0.006 -30"><span class='ocrx_word' id='word_1_36' title='bbox 123 1051 189 1120; x_wconf 85' lang='lat' dir='ltr'><strong>Ouo</strong></span> <span class='ocrx_word' id='word_1_37' title='bbox 212 1049 332 1110; x_wconf 92' lang='lat' dir='ltr'><strong>tandem</strong></span> <span class='ocrx_word' id='word_1_38' title='bbox 354 1057 440 1128; x_wconf 89' lang='lat' dir='ltr'><strong>pacto</strong></span> <span class='ocrx_word' id='word_1_39' title='bbox 464 1050 566 1109; x_wconf 94' lang='lat' dir='ltr'><strong>deceat</strong></span> <span class='ocrx_word' id='word_1_40' title='bbox 588 1047 750 1141; x_wconf 71' lang='lat' dir='ltr'><strong>maioribus</strong></span> <span class='ocrx_word' id='word_1_41' title='bbox 772 1048 824 1122; x_wconf 90' lang='lat' dir='ltr'><strong>uti,</strong></span> 
     </span>
    </p>

    <p class='ocr_par' dir='ltr' id='par_1_6' title="bbox 121 1133 1000 1300">
     <span class='ocr_line' id='line_1_8' title="bbox 121 1133 1000 1212; baseline 0.002 -17"><span class='ocrx_word' id='word_1_42' title='bbox 121 1134 209 1195; x_wconf 84' lang='lat' dir='ltr'>Disce</span> <span class='ocrx_word' id='word_1_43' title='bbox 231 1135 384 1196; x_wconf 87' lang='lat' dir='ltr'><strong>docendus</strong></span> <span class='ocrx_word' id='word_1_44' title='bbox 405 1135 500 1194; x_wconf 89' lang='lat' dir='ltr'><strong>adhuc</strong></span> <span class='ocrx_word' id='word_1_45' title='bbox 523 1152 598 1212; x_wconf 88' lang='lat' dir='ltr'><strong>quae</strong></span> <span class='ocrx_word' id='word_1_46' title='bbox 622 1142 724 1193; x_wconf 90' lang='lat' dir='ltr'><strong>censet</strong></span> <span class='ocrx_word' id='word_1_47' title='bbox 746 1133 897 1208; x_wconf 86' lang='lat' dir='ltr'><strong>amiculus,</strong></span> <span class='ocrx_word' id='word_1_48' title='bbox 921 1143 955 1196; x_wconf 89' lang='lat' dir='ltr'><strong>ut</strong></span> <span class='ocrx_word' id='word_1_49' title='bbox 976 1137 1000 1197; x_wconf 92' lang='lat' dir='ltr'><strong>si</strong></span> 
     </span>
     <span class='ocr_line' id='line_1_9' title="bbox 123 1218 998 1300; baseline -0.001 -19"><span class='ocrx_word' id='word_1_50' title='bbox 123 1221 235 1281; x_wconf 79' lang='lat' dir='ltr'>Caecus</span> <span class='ocrx_word' id='word_1_51' title='bbox 257 1221 315 1280; x_wconf 87' lang='lat' dir='ltr'><strong>iter</strong></span> <span class='ocrx_word' id='word_1_52' title='bbox 338 1229 502 1280; x_wconf 89' lang='lat' dir='ltr'><strong>monstrare</strong></span> <span class='ocrx_word' id='word_1_53' title='bbox 524 1218 607 1293; x_wconf 84' lang='lat' dir='ltr'><strong>velit;</strong></span> <span class='ocrx_word' id='word_1_54' title='bbox 631 1227 729 1278; x_wconf 88' lang='lat' dir='ltr'><strong>tamen</strong></span> <span class='ocrx_word' id='word_1_55' title='bbox 753 1219 880 1298; x_wconf 85' lang='lat' dir='ltr'>adspice,</span> <span class='ocrx_word' id='word_1_56' title='bbox 903 1220 998 1300; x_wconf 87' lang='lat' dir='ltr'>siquid</span> 
     </span>
    </p>

    <p class='ocr_par' dir='ltr' id='par_1_7' title="bbox 123 1303 1113 1470">
     <span class='ocr_line' id='line_1_10' title="bbox 123 1303 1113 1384; baseline 0.002 -19"><span class='ocrx_word' id='word_1_57' title='bbox 123 1306 161 1366; x_wconf 82' lang='lat' dir='ltr'><strong>Et</strong></span> <span class='ocrx_word' id='word_1_58' title='bbox 183 1324 248 1380; x_wconf 92' lang='lat' dir='ltr'><strong>nos,</strong></span> <span class='ocrx_word' id='word_1_59' title='bbox 271 1305 349 1384; x_wconf 92' lang='lat' dir='ltr'><strong>quod</strong></span> <span class='ocrx_word' id='word_1_60' title='bbox 373 1322 460 1365; x_wconf 89' lang='lat' dir='ltr'><strong>cures</strong></span> <span class='ocrx_word' id='word_1_61' title='bbox 482 1303 634 1383; x_wconf 88' lang='lat' dir='ltr'><strong>proprium</strong></span> <span class='ocrx_word' id='word_1_62' title='bbox 658 1303 772 1378; x_wconf 81' lang='lat' dir='ltr'><strong>fecisse,</strong></span> <span class='ocrx_word' id='word_1_63' title='bbox 795 1304 960 1382; x_wconf 79' lang='lat' dir='ltr'><strong>loquamur.</strong></span> <span class='ocrx_word' id='word_1_64' title='bbox 984 1341 1024 1352; x_wconf 91' lang='lat'><em>-</em></span> <span class='ocrx_word' id='word_1_65' title='bbox 1099 1318 1113 1367; x_wconf 71' lang='lat' dir='ltr'><strong>a</strong></span> 
     </span>
     <span class='ocr_line' id='line_1_11' title="bbox 123 1389 941 1470; baseline 0.002 -20"><span class='ocrx_word' id='word_1_66' title='bbox 123 1391 154 1450; x_wconf 90' lang='lat' dir='ltr'><strong>Si</strong></span> <span class='ocrx_word' id='word_1_67' title='bbox 177 1400 207 1450; x_wconf 88' lang='lat' dir='ltr'><strong>te</strong></span> <span class='ocrx_word' id='word_1_68' title='bbox 229 1399 312 1470; x_wconf 85' lang='lat' dir='ltr'><strong>grata</strong></span> <span class='ocrx_word' id='word_1_69' title='bbox 335 1390 418 1469; x_wconf 92' lang='lat' dir='ltr'><strong>quies</strong></span> <span class='ocrx_word' id='word_1_70' title='bbox 441 1399 471 1450; x_wconf 90' lang='lat' dir='ltr'><strong>et</strong></span> <span class='ocrx_word' id='word_1_71' title='bbox 492 1389 616 1469; x_wconf 92' lang='lat' dir='ltr'><strong>primam</strong></span> <span class='ocrx_word' id='word_1_72' title='bbox 640 1406 763 1450; x_wconf 88' lang='lat' dir='ltr'><strong>somnus</strong></span> <span class='ocrx_word' id='word_1_73' title='bbox 785 1390 815 1450; x_wconf 95' lang='lat' dir='ltr'><strong>in</strong></span> <span class='ocrx_word' id='word_1_74' title='bbox 839 1390 941 1452; x_wconf 92' lang='lat' dir='ltr'><strong>boram</strong></span> 
     </span>
    </p>

    <p class='ocr_par' dir='ltr' id='par_1_8' title="bbox 123 1474 867 1554">
     <span class='ocr_line' id='line_1_12' title="bbox 123 1474 867 1554; baseline -0.003 -18"><span class='ocrx_word' id='word_1_75' title='bbox 123 1475 266 1550; x_wconf 85' lang='lat' dir='ltr'><strong>Delectat,</strong></span> <span class='ocrx_word' id='word_1_76' title='bbox 289 1475 314 1536; x_wconf 93' lang='lat' dir='ltr'><strong>si</strong></span> <span class='ocrx_word' id='word_1_77' title='bbox 336 1485 365 1536; x_wconf 90' lang='lat' dir='ltr'><strong>te</strong></span> <span class='ocrx_word' id='word_1_78' title='bbox 387 1474 481 1554; x_wconf 87' lang='lat' dir='ltr'><strong>pulvis</strong></span> <span class='ocrx_word' id='word_1_79' title='bbox 504 1474 703 1553; x_wconf 82' lang='lat' dir='ltr'><strong>strepitusque</strong></span> <span class='ocrx_word' id='word_1_80' title='bbox 725 1483 867 1549; x_wconf 86' lang='lat' dir='ltr'><strong>rotarum,</strong></span> 
     </span>
    </p>

    <p class='ocr_par' dir='ltr' id='par_1_9' title="bbox 123 1558 866 1640">
     <span class='ocr_line' id='line_1_13' title="bbox 123 1558 866 1640; baseline -0.001 -19"><span class='ocrx_word' id='word_1_81' title='bbox 123 1561 155 1620; x_wconf 88' lang='lat' dir='ltr'><strong>Si</strong></span> <span class='ocrx_word' id='word_1_82' title='bbox 178 1560 268 1621; x_wconf 91' lang='lat' dir='ltr'><strong>laedit</strong></span> <span class='ocrx_word' id='word_1_83' title='bbox 289 1578 434 1640; x_wconf 90' lang='lat' dir='ltr'><strong>caupona,</strong></span> <span class='ocrx_word' id='word_1_84' title='bbox 458 1559 653 1620; x_wconf 83' lang='lat' dir='ltr'><strong>Ferentinum</strong></span> <span class='ocrx_word' id='word_1_85' title='bbox 676 1559 718 1619; x_wconf 94' lang='lat' dir='ltr'><strong>ire</strong></span> <span class='ocrx_word' id='word_1_86' title='bbox 741 1558 866 1635; x_wconf 85' lang='lat' dir='ltr'><strong>iubeb03</strong></span> 
     </span>
    </p>

    <p class='ocr_par' dir='ltr' id='par_1_10' title="bbox 121 1645 904 1724">
     <span class='ocr_line' id='line_1_14' title="bbox 121 1645 904 1724; baseline -0.003 -17"><span class='ocrx_word' id='word_1_87' title='bbox 121 1645 199 1708; x_wconf 89' lang='lat' dir='ltr'><strong>Nam</strong></span> <span class='ocrx_word' id='word_1_88' title='bbox 223 1664 321 1724; x_wconf 87' lang='lat' dir='ltr'><strong>neque</strong></span> <span class='ocrx_word' id='word_1_89' title='bbox 343 1645 480 1706; x_wconf 85' lang='lat' dir='ltr'><strong>divitibus</strong></span> <span class='ocrx_word' id='word_1_90' title='bbox 503 1645 683 1722; x_wconf 83' lang='lat' dir='ltr'><strong>contingunt</strong></span> <span class='ocrx_word' id='word_1_91' title='bbox 704 1645 811 1723; x_wconf 83' lang='lat' dir='ltr'><strong>gaudia</strong></span> <span class='ocrx_word' id='word_1_92' title='bbox 834 1645 904 1706; x_wconf 88' lang='lat' dir='ltr'><strong>solis</strong></span> 
     </span>
    </p>

    <p class='ocr_par' dir='ltr' id='par_1_11' title="bbox 122 1729 1115 1895">
     <span class='ocr_line' id='line_1_15' title="bbox 122 1729 1115 1809; baseline 0 -17"><span class='ocrx_word' id='word_1_93' title='bbox 122 1730 187 1792; x_wconf 88' lang='lat' dir='ltr'><strong>Nec</strong></span> <span class='ocrx_word' id='word_1_94' title='bbox 208 1731 279 1792; x_wconf 80' lang='lat' dir='ltr'><strong>vixit</strong></span> <span class='ocrx_word' id='word_1_95' title='bbox 300 1731 384 1802; x_wconf 87' lang='lat' dir='ltr'><strong>male,</strong></span> <span class='ocrx_word' id='word_1_96' title='bbox 408 1730 458 1809; x_wconf 93' lang='lat' dir='ltr'><strong>qui</strong></span> <span class='ocrx_word' id='word_1_97' title='bbox 482 1738 567 1790; x_wconf 89' lang='lat' dir='ltr'><strong>natus</strong></span> <span class='ocrx_word' id='word_1_98' title='bbox 589 1729 780 1808; x_wconf 87' lang='lat' dir='ltr'><strong>moriensque</strong></span> <span class='ocrx_word' id='word_1_99' title='bbox 802 1731 913 1790; x_wconf 83' lang='lat' dir='ltr'><strong>fefellit.</strong></span> <span class='ocrx_word' id='word_1_100' title='bbox 1087 1743 1115 1792; x_wconf 87' lang='lat' dir='ltr'><strong>lo</strong></span> 
     </span>
     <span class='ocr_line' id='line_1_16' title="bbox 123 1813 882 1895; baseline -0.001 -19"><span class='ocrx_word' id='word_1_101' title='bbox 123 1815 156 1876; x_wconf 91' lang='lat' dir='ltr'><strong>Si</strong></span> <span class='ocrx_word' id='word_1_102' title='bbox 180 1817 320 1895; x_wconf 85' lang='lat' dir='ltr'><strong>prodesse</strong></span> <span class='ocrx_word' id='word_1_103' title='bbox 343 1814 401 1876; x_wconf 90' lang='lat' dir='ltr'><strong>tuis</strong></span> <span class='ocrx_word' id='word_1_104' title='bbox 424 1814 581 1895; x_wconf 90' lang='lat' dir='ltr'><strong>paulloque</strong></span> <span class='ocrx_word' id='word_1_105' title='bbox 604 1813 762 1893; x_wconf 82' lang='lat' dir='ltr'><strong>benignius</strong></span> <span class='ocrx_word' id='word_1_106' title='bbox 784 1815 882 1894; x_wconf 90' lang='lat' dir='ltr'><strong>ipsum</strong></span> 
     </span>
    </p>

    <p class='ocr_par' dir='ltr' id='par_1_12' title="bbox 123 1899 904 1972">
     <span class='ocr_line' id='line_1_17' title="bbox 123 1899 904 1972; baseline -0.005 -10"><span class='ocrx_word' id='word_1_107' title='bbox 123 1901 169 1962; x_wconf 88' lang='lat' dir='ltr'><strong>Te</strong></span> <span class='ocrx_word' id='word_1_108' title='bbox 191 1911 317 1962; x_wconf 90' lang='lat' dir='ltr'><strong>tractare</strong></span> <span class='ocrx_word' id='word_1_109' title='bbox 339 1901 429 1972; x_wconf 90' lang='lat' dir='ltr'><strong>voles,</strong></span> <span class='ocrx_word' id='word_1_110' title='bbox 452 1900 573 1960; x_wconf 82' lang='lat' dir='ltr'><strong>accedes</strong></span> <span class='ocrx_word' id='word_1_111' title='bbox 596 1899 691 1960; x_wconf 90' lang='lat' dir='ltr'><strong>siccus</strong></span> <span class='ocrx_word' id='word_1_112' title='bbox 713 1900 747 1960; x_wconf 91' lang='lat' dir='ltr'><strong>ad</strong></span> <span class='ocrx_word' id='word_1_113' title='bbox 771 1909 904 1961; x_wconf 90' lang='lat' dir='ltr'><strong>unctum.</strong></span> 
     </span>
    </p>

    <p class='ocr_par' dir='ltr' id='par_1_13' title="bbox 119 1981 847 2089">
     <span class='ocr_line' id='line_1_18' title="bbox 119 1981 847 2089; baseline -0.003 -42"><span class='ocrx_word' id='word_1_114' title='bbox 119 1981 168 2048; x_wconf 87' lang='lat' dir='ltr'><strong>‘Si</strong></span> <span class='ocrx_word' id='word_1_115' title='bbox 191 1986 351 2066; x_wconf 86' lang='lat' dir='ltr'><strong>pranderet</strong></span> <span class='ocrx_word' id='word_1_116' title='bbox 372 1984 460 2046; x_wconf 92' lang='lat' dir='ltr'><strong>bolus</strong></span> <span class='ocrx_word' id='word_1_117' title='bbox 475 1985 639 2089; x_wconf 85' lang='lat' dir='ltr'><strong>patienter,</strong></span> <span class='ocrx_word' id='word_1_118' title='bbox 662 1985 782 2063; x_wconf 82' lang='lat' dir='ltr'><strong>regibus</strong></span> <span class='ocrx_word' id='word_1_119' title='bbox 804 1985 847 2046; x_wconf 93' lang='lat' dir='ltr'><strong>uti</strong></span> 
     </span>
    </p>

    <p class='ocr_par' dir='ltr' id='par_1_14' title="bbox 123 2061 849 2150">
     <span class='ocr_line' id='line_1_19' title="bbox 123 2061 849 2150; baseline -0.003 -16"><span class='ocrx_word' id='word_1_120' title='bbox 123 2071 227 2134; x_wconf 91' lang='lat' dir='ltr'><strong>Nollet</strong></span> <span class='ocrx_word' id='word_1_121' title='bbox 247 2061 432 2150; x_wconf 74' lang='lat' dir='ltr'><strong>Aristippus.³</strong></span> <span class='ocrx_word' id='word_1_122' title='bbox 490 2070 520 2131; x_wconf 92' lang='lat' dir='ltr'><strong>Si</strong></span> <span class='ocrx_word' id='word_1_123' title='bbox 543 2070 632 2130; x_wconf 91' lang='lat' dir='ltr'><strong>sciret</strong></span> <span class='ocrx_word' id='word_1_124' title='bbox 653 2070 774 2148; x_wconf 82' lang='lat' dir='ltr'><strong>regibus</strong></span> <span class='ocrx_word' id='word_1_125' title='bbox 797 2071 849 2144; x_wconf 91' lang='lat' dir='ltr'><strong>uti,</strong></span> 
     </span>
    </p>

    <p class='ocr_par' dir='ltr' id='par_1_15' title="bbox 124 2150 1117 2321">
     <span class='ocr_line' id='line_1_20' title="bbox 124 2150 1117 2234; baseline 0 -16"><span class='ocrx_word' id='word_1_126' title='bbox 124 2155 285 2218; x_wconf 88' lang='lat' dir='ltr'><strong>Fastidiret</strong></span> <span class='ocrx_word' id='word_1_127' title='bbox 305 2156 401 2228; x_wconf 89' lang='lat' dir='ltr'><strong>bolus,</strong></span> <span class='ocrx_word' id='word_1_128' title='bbox 425 2155 476 2234; x_wconf 92' lang='lat' dir='ltr'><strong>qui</strong></span> <span class='ocrx_word' id='word_1_129' title='bbox 498 2173 544 2214; x_wconf 93' lang='lat' dir='ltr'><strong>me</strong></span> <span class='ocrx_word' id='word_1_130' title='bbox 568 2150 669 2215; x_wconf 71' lang='lat' dir='ltr'><strong>notat.²</strong></span> <span class='ocrx_word' id='word_1_131' title='bbox 715 2154 816 2217; x_wconf 90' lang='lat' dir='ltr'><strong>Utrius</strong></span> <span class='ocrx_word' id='word_1_132' title='bbox 838 2157 945 2217; x_wconf 90' lang='lat' dir='ltr'><strong>horum</strong></span> <span class='ocrx_word' id='word_1_133' title='bbox 1090 2169 1117 2218; x_wconf 78' lang='lat'><strong>15</strong></span> 
     </span>
     <span class='ocr_line' id='line_1_21' title="bbox 126 2240 905 2321; baseline 0.001 -19"><span class='ocrx_word' id='word_1_134' title='bbox 126 2242 227 2302; x_wconf 87' lang='lat' dir='ltr'><strong>Verba</strong></span> <span class='ocrx_word' id='word_1_135' title='bbox 248 2241 359 2321; x_wconf 88' lang='lat' dir='ltr'><strong>probes</strong></span> <span class='ocrx_word' id='word_1_136' title='bbox 381 2249 410 2301; x_wconf 88' lang='lat' dir='ltr'><strong>et</strong></span> <span class='ocrx_word' id='word_1_137' title='bbox 431 2242 506 2301; x_wconf 87' lang='lat' dir='ltr'><strong>lacta</strong></span> <span class='ocrx_word' id='word_1_138' title='bbox 529 2241 612 2314; x_wconf 91' lang='lat' dir='ltr'><strong>doce,</strong></span> <span class='ocrx_word' id='word_1_139' title='bbox 637 2240 682 2300; x_wconf 91' lang='lat' dir='ltr'><strong>vel</strong></span> <span class='ocrx_word' id='word_1_140' title='bbox 705 2240 805 2302; x_wconf 92' lang='lat' dir='ltr'><strong>iunior</strong></span> <span class='ocrx_word' id='word_1_141' title='bbox 828 2242 905 2316; x_wconf 86' lang='lat' dir='ltr'><strong>audi,</strong></span> 
     </span>
    </p>

    <p class='ocr_par' dir='ltr' id='par_1_16' title="bbox 128 2325 888 2406">
     <span class='ocr_line' id='line_1_22' title="bbox 128 2325 888 2406; baseline -0.001 -17"><span class='ocrx_word' id='word_1_142' title='bbox 128 2327 191 2389; x_wconf 85' lang='lat' dir='ltr'><strong>Cur</strong></span> <span class='ocrx_word' id='word_1_143' title='bbox 212 2326 249 2388; x_wconf 91' lang='lat' dir='ltr'><strong>sit</strong></span> <span class='ocrx_word' id='word_1_144' title='bbox 270 2325 413 2405; x_wconf 77' lang='lat' dir='ltr'><strong>Aristippi</strong></span> <span class='ocrx_word' id='word_1_145' title='bbox 434 2325 533 2405; x_wconf 92' lang='lat' dir='ltr'><strong>potior</strong></span> <span class='ocrx_word' id='word_1_146' title='bbox 555 2325 710 2386; x_wconf 87' lang='lat' dir='ltr'><strong>sententia.</strong></span> <span class='ocrx_word' id='word_1_147' title='bbox 755 2326 888 2406; x_wconf 92' lang='lat' dir='ltr'><strong>Namque</strong></span> 
     </span>
    </p>

    <p class='ocr_par' dir='ltr' id='par_1_17' title="bbox 124 2409 1120 2745">
     <span class='ocr_line' id='line_1_23' title="bbox 127 2409 977 2491; baseline 0 -19"><span class='ocrx_word' id='word_1_148' title='bbox 127 2411 296 2473; x_wconf 84' lang='lat' dir='ltr'><strong>Mordacem</strong></span> <span class='ocrx_word' id='word_1_149' title='bbox 320 2410 462 2491; x_wconf 77' lang='lat' dir='ltr'><strong>Cynicum</strong></span> <span class='ocrx_word' id='word_1_150' title='bbox 485 2410 527 2471; x_wconf 93' lang='lat' dir='ltr'><strong>sic</strong></span> <span class='ocrx_word' id='word_1_151' title='bbox 549 2409 693 2483; x_wconf 91' lang='lat' dir='ltr'><strong>eludebat,</strong></span> <span class='ocrx_word' id='word_1_152' title='bbox 716 2419 749 2472; x_wconf 91' lang='lat' dir='ltr'><strong>ut</strong></span> <span class='ocrx_word' id='word_1_153' title='bbox 771 2411 869 2472; x_wconf 92' lang='lat' dir='ltr'><strong>aiunt:</strong></span> <span class='ocrx_word' id='word_1_154' title='bbox 975 2439 977 2441; x_wconf 95' lang='lat'>·</span> 
     </span>
     <span class='ocr_line' id='line_1_24' title="bbox 124 2491 1004 2575; baseline -0.001 -17"><span class='ocrx_word' id='word_1_155' title='bbox 124 2491 270 2558; x_wconf 89' lang='lat' dir='ltr'><strong>‘Scurror</strong></span> <span class='ocrx_word' id='word_1_156' title='bbox 292 2513 347 2574; x_wconf 81' lang='lat' dir='ltr'><strong>ego</strong></span> <span class='ocrx_word' id='word_1_157' title='bbox 370 2496 433 2575; x_wconf 89' lang='lat' dir='ltr'><strong>ipse</strong></span> <span class='ocrx_word' id='word_1_158' title='bbox 456 2495 536 2567; x_wconf 92' lang='lat' dir='ltr'><strong>mihi,</strong></span> <span class='ocrx_word' id='word_1_159' title='bbox 559 2495 669 2574; x_wconf 91' lang='lat' dir='ltr'><strong>populo</strong></span> <span class='ocrx_word' id='word_1_160' title='bbox 692 2504 740 2571; x_wconf 90' lang='lat' dir='ltr'><strong>tu;</strong></span> <span class='ocrx_word' id='word_1_161' title='bbox 764 2497 874 2559; x_wconf 91' lang='lat' dir='ltr'><strong>rectius</strong></span> <span class='ocrx_word' id='word_1_162' title='bbox 895 2497 953 2558; x_wconf 91' lang='lat' dir='ltr'><strong>hoc</strong></span> <span class='ocrx_word' id='word_1_163' title='bbox 976 2508 1004 2557; x_wconf 92' lang='lat' dir='ltr'><strong>et</strong></span> 
     </span>
     <span class='ocr_line' id='line_1_25' title="bbox 129 2579 1120 2661; baseline 0.001 -19"><span class='ocrx_word' id='word_1_164' title='bbox 129 2580 322 2661; x_wconf 90' lang='lat' dir='ltr'><strong>Splendidius</strong></span> <span class='ocrx_word' id='word_1_165' title='bbox 343 2581 437 2642; x_wconf 91' lang='lat' dir='ltr'><strong>multo</strong></span> <span class='ocrx_word' id='word_1_166' title='bbox 459 2590 512 2641; x_wconf 88' lang='lat' dir='ltr'><strong>est.</strong></span> <span class='ocrx_word' id='word_1_167' title='bbox 550 2579 652 2659; x_wconf 85' lang='lat' dir='ltr'><strong>Equus</strong></span> <span class='ocrx_word' id='word_1_168' title='bbox 675 2589 709 2640; x_wconf 92' lang='lat' dir='ltr'><strong>ut</strong></span> <span class='ocrx_word' id='word_1_169' title='bbox 728 2599 776 2641; x_wconf 95' lang='lat' dir='ltr'><strong>me</strong></span> <span class='ocrx_word' id='word_1_170' title='bbox 798 2592 906 2660; x_wconf 89' lang='lat' dir='ltr'><strong>portet,</strong></span> <span class='ocrx_word' id='word_1_171' title='bbox 930 2583 986 2642; x_wconf 92' lang='lat' dir='ltr'><strong>alat</strong></span> <span class='ocrx_word' id='word_1_172' title='bbox 1008 2601 1068 2655; x_wconf 82' lang='lat' dir='ltr'><strong>ren,</strong></span> <span class='ocrx_word' id='word_1_173' title='bbox 1091 2592 1120 2643; x_wconf 75' lang='lat' dir='ltr'><strong>tt</strong></span> 
     </span>
     <span class='ocr_line' id='line_1_26' title="bbox 131 2665 783 2745; baseline -0.002 -18"><span class='ocrx_word' id='word_1_174' title='bbox 131 2667 272 2728; x_wconf 83' lang='lat' dir='ltr'><strong>Officium</strong></span> <span class='ocrx_word' id='word_1_175' title='bbox 294 2667 386 2742; x_wconf 85' lang='lat' dir='ltr'><strong>lacio;</strong></span> <span class='ocrx_word' id='word_1_176' title='bbox 409 2675 442 2726; x_wconf 93' lang='lat' dir='ltr'><strong>tu</strong></span> <span class='ocrx_word' id='word_1_177' title='bbox 464 2665 561 2745; x_wconf 93' lang='lat' dir='ltr'><strong>poscis</strong></span> <span class='ocrx_word' id='word_1_178' title='bbox 582 2665 658 2738; x_wconf 87' lang='lat' dir='ltr'><strong>vilia,</strong></span> <span class='ocrx_word' id='word_1_179' title='bbox 680 2682 783 2726; x_wconf 84' lang='lat' dir='ltr'><strong>verum</strong></span> 
     </span>
    </p>

    <p class='ocr_par' dir='ltr' id='par_1_18' title="bbox 129 2747 953 2830">
     <span class='ocr_line' id='line_1_27' title="bbox 129 2747 953 2830; baseline -0.002 -17"><span class='ocrx_word' id='word_1_180' title='bbox 129 2753 227 2813; x_wconf 88' lang='lat' dir='ltr'><strong>Dante</strong></span> <span class='ocrx_word' id='word_1_181' title='bbox 248 2750 356 2826; x_wconf 90' lang='lat' dir='ltr'><strong>minor,</strong></span> <span class='ocrx_word' id='word_1_182' title='bbox 379 2751 510 2830; x_wconf 83' lang='lat' dir='ltr'><strong>quamvis</strong></span> <span class='ocrx_word' id='word_1_183' title='bbox 532 2751 591 2810; x_wconf 88' lang='lat' dir='ltr'><strong>lcrs</strong></span> <span class='ocrx_word' id='word_1_184' title='bbox 613 2758 642 2810; x_wconf 88' lang='lat' dir='ltr'><strong>te</strong></span> <span class='ocrx_word' id='word_1_185' title='bbox 665 2749 775 2812; x_wconf 93' lang='lat' dir='ltr'><strong>nullius</strong></span> <span class='ocrx_word' id='word_1_186' title='bbox 797 2747 953 2830; x_wconf 61' lang='lat' dir='ltr'><strong>egentem!</strong></span> 
     </span>
    </p>

    <p class='ocr_par' dir='ltr' id='par_1_19' title="bbox 128 2835 967 3001">
     <span class='ocr_line' id='line_1_28' title="bbox 131 2835 967 2920; baseline 0 -23"><span class='ocrx_word' id='word_1_187' title='bbox 131 2836 239 2898; x_wconf 86' lang='lat' dir='ltr'><strong>Omnis</strong></span> <span class='ocrx_word' id='word_1_188' title='bbox 261 2837 443 2920; x_wconf 75' lang='lat' dir='ltr'><strong>Aristippum</strong></span> <span class='ocrx_word' id='word_1_189' title='bbox 466 2835 565 2896; x_wconf 92' lang='lat' dir='ltr'><strong>decuit</strong></span> <span class='ocrx_word' id='word_1_190' title='bbox 589 2835 672 2895; x_wconf 94' lang='lat' dir='ltr'><strong>color</strong></span> <span class='ocrx_word' id='word_1_191' title='bbox 694 2844 724 2897; x_wconf 90' lang='lat' dir='ltr'><strong>et</strong></span> <span class='ocrx_word' id='word_1_192' title='bbox 744 2845 837 2899; x_wconf 87' lang='lat' dir='ltr'><strong>status</strong></span> <span class='ocrx_word' id='word_1_193' title='bbox 859 2846 889 2897; x_wconf 91' lang='lat' dir='ltr'><strong>et</strong></span> <span class='ocrx_word' id='word_1_194' title='bbox 911 2855 967 2910; x_wconf 74' lang='lat' dir='ltr'><strong>res</strong></span> 
     </span>
     <span class='ocr_line' id='line_1_29' title="bbox 128 2919 960 3001; baseline -0.001 -19"><span class='ocrx_word' id='word_1_195' title='bbox 128 2919 338 3001; x_wconf 85' lang='lat' dir='ltr'><strong>Temptantem</strong></span> <span class='ocrx_word' id='word_1_196' title='bbox 361 2921 473 2982; x_wconf 90' lang='lat' dir='ltr'><strong>maiora</strong></span> <span class='ocrx_word' id='word_1_197' title='bbox 494 2921 566 2993; x_wconf 86' lang='lat' dir='ltr'><strong>fere,</strong></span> <span class='ocrx_word' id='word_1_198' title='bbox 588 2920 796 3000; x_wconf 88' lang='lat' dir='ltr'><strong>praesentibus</strong></span> <span class='ocrx_word' id='word_1_199' title='bbox 818 2940 960 3001; x_wconf 91' lang='lat' dir='ltr'><strong>aequum;</strong></span> 
     </span>
    </p>

    <p class='ocr_par' dir='ltr' id='par_1_20' title="bbox 130 3005 1121 3166">
     <span class='ocr_line' id='line_1_30' title="bbox 130 3005 1121 3085; baseline -0.002 -17"><span class='ocrx_word' id='word_1_200' title='bbox 130 3007 254 3080; x_wconf 87' lang='lat' dir='ltr'><strong>Contra,</strong></span> <span class='ocrx_word' id='word_1_201' title='bbox 276 3024 366 3085; x_wconf 87' lang='lat' dir='ltr'><strong>quem</strong></span> <span class='ocrx_word' id='word_1_202' title='bbox 387 3006 497 3085; x_wconf 81' lang='lat' dir='ltr'><strong>duplici</strong></span> <span class='ocrx_word' id='word_1_203' title='bbox 519 3023 620 3084; x_wconf 93' lang='lat' dir='ltr'><strong>panno</strong></span> <span class='ocrx_word' id='word_1_204' title='bbox 645 3005 783 3084; x_wconf 89' lang='lat' dir='ltr'><strong>patientia</strong></span> <span class='ocrx_word' id='word_1_205' title='bbox 806 3007 889 3080; x_wconf 88' lang='lat' dir='ltr'><strong>velat,</strong></span> <span class='ocrx_word' id='word_1_206' title='bbox 1093 3016 1121 3066; x_wconf 74' lang='lat'><strong>25</strong></span> 
     </span>
     <span class='ocr_line' id='line_1_31' title="bbox 130 3089 792 3166; baseline -0.002 -13"><span class='ocrx_word' id='word_1_207' title='bbox 130 3091 272 3166; x_wconf 85' lang='lat' dir='ltr'><strong>Mirabor,</strong></span> <span class='ocrx_word' id='word_1_208' title='bbox 295 3091 369 3152; x_wconf 90' lang='lat' dir='ltr'><strong>vitae</strong></span> <span class='ocrx_word' id='word_1_209' title='bbox 391 3091 435 3151; x_wconf 90' lang='lat' dir='ltr'><strong>via</strong></span> <span class='ocrx_word' id='word_1_210' title='bbox 458 3091 482 3151; x_wconf 89' lang='lat' dir='ltr'><strong>si</strong></span> <span class='ocrx_word' id='word_1_211' title='bbox 504 3108 645 3150; x_wconf 90' lang='lat' dir='ltr'><strong>conversa</strong></span> <span class='ocrx_word' id='word_1_212' title='bbox 668 3089 792 3152; x_wconf 89' lang='lat' dir='ltr'><strong>decebit.</strong></span> 
     </span>
    </p>

    <p class='ocr_par' dir='ltr' id='par_1_21' title="bbox 131 3175 880 3257">
     <span class='ocr_line' id='line_1_32' title="bbox 131 3175 880 3257; baseline -0.003 -19"><span class='ocrx_word' id='word_1_213' title='bbox 131 3177 217 3238; x_wconf 82' lang='lat' dir='ltr'><strong>Alter</strong></span> <span class='ocrx_word' id='word_1_214' title='bbox 237 3194 421 3257; x_wconf 89' lang='lat' dir='ltr'><strong>purpureum</strong></span> <span class='ocrx_word' id='word_1_215' title='bbox 445 3194 505 3236; x_wconf 94' lang='lat' dir='ltr'><strong>non</strong></span> <span class='ocrx_word' id='word_1_216' title='bbox 530 3175 711 3255; x_wconf 86' lang='lat' dir='ltr'><strong>exspectabit</strong></span> <span class='ocrx_word' id='word_1_217' title='bbox 733 3178 880 3250; x_wconf 91' lang='lat' dir='ltr'><strong>amictum,</strong></span> 
     </span>
    </p>

    <p class='ocr_par' dir='ltr' id='par_1_22' title="bbox 131 3259 955 3425">
     <span class='ocr_line' id='line_1_33' title="bbox 132 3259 912 3340; baseline -0.001 -18"><span class='ocrx_word' id='word_1_218' title='bbox 132 3261 287 3332; x_wconf 88' lang='lat' dir='ltr'><strong>Quidlibet</strong></span> <span class='ocrx_word' id='word_1_219' title='bbox 308 3261 429 3322; x_wconf 90' lang='lat' dir='ltr'><strong>indutus</strong></span> <span class='ocrx_word' id='word_1_220' title='bbox 452 3259 644 3321; x_wconf 88' lang='lat' dir='ltr'><strong>celeberrima</strong></span> <span class='ocrx_word' id='word_1_221' title='bbox 666 3279 721 3340; x_wconf 89' lang='lat' dir='ltr'><strong>per</strong></span> <span class='ocrx_word' id='word_1_222' title='bbox 742 3261 806 3322; x_wconf 91' lang='lat' dir='ltr'><strong>loca</strong></span> <span class='ocrx_word' id='word_1_223' title='bbox 828 3262 912 3322; x_wconf 86' lang='lat' dir='ltr'><strong>vadet</strong></span> 
     </span>
     <span class='ocr_line' id='line_1_34' title="bbox 131 3345 955 3425; baseline 0.001 -18"><span class='ocrx_word' id='word_1_224' title='bbox 131 3347 355 3425; x_wconf 89' lang='lat' dir='ltr'><strong>Personamque</strong></span> <span class='ocrx_word' id='word_1_225' title='bbox 377 3347 452 3406; x_wconf 87' lang='lat' dir='ltr'><strong>leret</strong></span> <span class='ocrx_word' id='word_1_226' title='bbox 475 3365 536 3405; x_wconf 94' lang='lat' dir='ltr'><strong>non</strong></span> <span class='ocrx_word' id='word_1_227' title='bbox 560 3345 760 3407; x_wconf 91' lang='lat' dir='ltr'><strong>inconcinnus</strong></span> <span class='ocrx_word' id='word_1_228' title='bbox 783 3356 955 3425; x_wconf 89' lang='lat' dir='ltr'><strong>utramque;</strong></span> 
     </span>
    </p>

    <p class='ocr_par' dir='ltr' id='par_1_23' title="bbox 132 3431 1123 3594">
     <span class='ocr_line' id='line_1_35' title="bbox 132 3431 1123 3512; baseline -0.003 -20"><span class='ocrx_word' id='word_1_229' title='bbox 132 3431 218 3492; x_wconf 90' lang='lat' dir='ltr'><strong>Alter</strong></span> <span class='ocrx_word' id='word_1_230' title='bbox 239 3431 330 3493; x_wconf 88' lang='lat' dir='ltr'><strong>blileti</strong></span> <span class='ocrx_word' id='word_1_231' title='bbox 352 3439 461 3491; x_wconf 84' lang='lat' dir='ltr'><strong>textam</strong></span> <span class='ocrx_word' id='word_1_232' title='bbox 484 3447 557 3490; x_wconf 92' lang='lat' dir='ltr'><strong>cane</strong></span> <span class='ocrx_word' id='word_1_233' title='bbox 579 3431 664 3509; x_wconf 92' lang='lat' dir='ltr'><strong>peius</strong></span> <span class='ocrx_word' id='word_1_234' title='bbox 687 3439 716 3491; x_wconf 89' lang='lat' dir='ltr'><strong>et</strong></span> <span class='ocrx_word' id='word_1_235' title='bbox 737 3451 835 3512; x_wconf 84' lang='lat' dir='ltr'><strong>angue</strong></span> <span class='ocrx_word' id='word_1_236' title='bbox 1094 3441 1123 3490; x_wconf 76' lang='lat'><strong>30</strong></span> 
     </span>
     <span class='ocr_line' id='line_1_36' title="bbox 132 3515 1028 3594; baseline 0.003 -18"><span class='ocrx_word' id='word_1_237' title='bbox 132 3515 244 3578; x_wconf 85' lang='lat' dir='ltr'><strong>Vitabit</strong></span> <span class='ocrx_word' id='word_1_238' title='bbox 266 3516 440 3588; x_wconf 89' lang='lat' dir='ltr'><strong>cblanidem,</strong></span> <span class='ocrx_word' id='word_1_239' title='bbox 462 3515 606 3575; x_wconf 89' lang='lat' dir='ltr'><strong>morietur</strong></span> <span class='ocrx_word' id='word_1_240' title='bbox 628 3515 747 3594; x_wconf 81' lang='lat' dir='ltr'><strong>frigore,</strong></span> <span class='ocrx_word' id='word_1_241' title='bbox 771 3518 794 3578; x_wconf 96' lang='lat' dir='ltr'><strong>si</strong></span> <span class='ocrx_word' id='word_1_242' title='bbox 817 3537 878 3578; x_wconf 97' lang='lat' dir='ltr'><strong>non</strong></span> <span class='ocrx_word' id='word_1_243' title='bbox 1027 3543 1028 3546; x_wconf 41' lang='lat'>¹</span> 
     </span>
    </p>
   </div>
   <div class='ocr_carea' id='block_1_5' title="bbox 75 3619 256 3631">
    <p class='ocr_par' dir='ltr' id='par_1_24' title="bbox 75 3619 256 3631">
     <span class='ocr_line' id='line_1_37' title="bbox 75 3619 256 3631; baseline -0.011 -2"><span class='ocrx_word' id='word_1_244' title='bbox 75 3619 256 3631; x_wconf 78' lang='lat'><em>......——..</em></span> 
     </span>
    </p>
   </div>
   <div class='ocr_carea' id='block_1_6' title="bbox 75 3648 1126 3990">
    <p class='ocr_par' dir='ltr' id='par_1_25' title="bbox 75 3648 1126 3990">
     <span class='ocr_line' id='line_1_38' title="bbox 132 3648 1124 3717; baseline -0.002 -15"><span class='ocrx_word' id='word_1_245' title='bbox 132 3648 204 3702; x_wconf 85' lang='lat' dir='ltr'><strong>xvu</strong></span> <span class='ocrx_word' id='word_1_246' title='bbox 221 3666 245 3704; x_wconf 84' lang='lat' dir='ltr'><strong>o.</strong></span> <span class='ocrx_word' id='word_1_247' title='bbox 264 3651 280 3703; x_wconf 82' lang='lat'>2</span> <span class='ocrx_word' id='word_1_248' title='bbox 298 3654 400 3702; x_wconf 86' lang='lat' dir='ltr'><strong>tenuem</strong></span> <span class='ocrx_word' id='word_1_249' title='bbox 419 3648 561 3701; x_wconf 77' lang='lat' dir='ltr'><strong>Horlreliuc</strong></span> <span class='ocrx_word' id='word_1_250' title='bbox 578 3652 653 3701; x_wconf 84' lang='lat' dir='ltr'><strong>ancl.</strong></span> <span class='ocrx_word' id='word_1_251' title='bbox 671 3650 736 3701; x_wconf 84' lang='lat' dir='ltr'><strong>Hor.</strong></span> <span class='ocrx_word' id='word_1_252' title='bbox 751 3666 780 3716; x_wconf 84' lang='lat' dir='ltr'><strong>p.</strong></span> <span class='ocrx_word' id='word_1_253' title='bbox 801 3652 849 3703; x_wconf 75' lang='lat'><strong>129</strong></span> <span class='ocrx_word' id='word_1_254' title='bbox 862 3668 900 3717; x_wconf 78' lang='lat' dir='ltr'><strong>sq.</strong></span> <span class='ocrx_word' id='word_1_255' title='bbox 917 3651 922 3716; x_wconf 88' lang='grc' dir='ltr'>Ι</span> <span class='ocrx_word' id='word_1_256' title='bbox 938 3652 953 3702; x_wconf 86' lang='grc'>8</span> <span class='ocrx_word' id='word_1_257' title='bbox 971 3649 1058 3713; x_wconf 88' lang='lat' dir='ltr'><strong>laedit]</strong></span> <span class='ocrx_word' id='word_1_258' title='bbox 1076 3652 1124 3714; x_wconf 81' lang='lat' dir='ltr'><strong>(o):</strong></span> 
     </span>
     <span class='ocr_line' id='line_1_39' title="bbox 75 3716 1123 3784; baseline -0.006 -11"><span class='ocrx_word' id='word_1_259' title='bbox 75 3716 281 3773; x_wconf 81' lang='lat' dir='ltr'><strong>rdetvlaedato</strong></span> <span class='ocrx_word' id='word_1_260' title='bbox 297 3717 303 3784; x_wconf 88' lang='grc' dir='ltr'>Ι</span> <span class='ocrx_word' id='word_1_261' title='bbox 318 3718 566 3781; x_wconf 77' lang='lat' dir='ltr'><strong>arverum1=Bo:</strong></span> <span class='ocrx_word' id='word_1_262' title='bbox 586 3734 674 3770; x_wconf 90' lang='lat' dir='ltr'><strong>uerum</strong></span> <span class='ocrx_word' id='word_1_263' title='bbox 685 3733 712 3769; x_wconf 88' lang='lat' dir='ltr'><strong>es</strong></span> <span class='ocrx_word' id='word_1_264' title='bbox 731 3735 745 3768; x_wconf 88' lang='lat' dir='ltr'><strong>o</strong></span> <span class='ocrx_word' id='word_1_265' title='bbox 765 3732 847 3769; x_wconf 87' lang='lat' dir='ltr'><strong>rerum</strong></span> <span class='ocrx_word' id='word_1_266' title='bbox 861 3722 897 3784; x_wconf 80' lang='lat' dir='ltr'><strong>(o)</strong></span> <span class='ocrx_word' id='word_1_267' title='bbox 915 3733 996 3768; x_wconf 87' lang='lat' dir='ltr'><strong>rorum</strong></span> <span class='ocrx_word' id='word_1_268' title='bbox 1017 3732 1046 3768; x_wconf 91' lang='lat' dir='ltr'><strong>es</strong></span> <span class='ocrx_word' id='word_1_269' title='bbox 1064 3719 1099 3782; x_wconf 84' lang='lat' dir='ltr'><strong>(o)</strong></span> <span class='ocrx_word' id='word_1_270' title='bbox 1120 3717 1123 3783; x_wconf 79' lang='lat' dir='ltr'><strong>l</strong></span> 
     </span>
     <span class='ocr_line' id='line_1_40' title="bbox 75 3785 1126 3851; baseline -0.006 -10"><span class='ocrx_word' id='word_1_271' title='bbox 75 3815 80 3841; x_wconf 66' lang='grc' dir='ltr'>ι</span> <span class='ocrx_word' id='word_1_272' title='bbox 99 3787 201 3840; x_wconf 84' lang='lat' dir='ltr'><strong>maiora</strong></span> <span class='ocrx_word' id='word_1_273' title='bbox 218 3785 290 3850; x_wconf 63' lang='lat' dir='ltr'><strong>lere]</strong></span> <span class='ocrx_word' id='word_1_274' title='bbox 308 3785 524 3838; x_wconf 76' lang='lat' dir='ltr'><strong>Doederleinicc:</strong></span> <span class='ocrx_word' id='word_1_275' title='bbox 549 3788 655 3850; x_wconf 90' lang='lat' dir='ltr'><strong>maiora,</strong></span> <span class='ocrx_word' id='word_1_276' title='bbox 674 3786 726 3836; x_wconf 90' lang='lat' dir='ltr'><strong>lere</strong></span> <span class='ocrx_word' id='word_1_277' title='bbox 744 3786 808 3851; x_wconf 76' lang='lat' dir='ltr'><strong>og.l</strong></span> <span class='ocrx_word' id='word_1_278' title='bbox 830 3788 862 3838; x_wconf 81' lang='lat'><strong>30</strong></span> <span class='ocrx_word' id='word_1_279' title='bbox 881 3786 959 3851; x_wconf 78' lang='lat' dir='ltr'><strong>angui</strong></span> <span class='ocrx_word' id='word_1_280' title='bbox 980 3787 984 3850; x_wconf 77' lang='grc' dir='ltr'>Ι</span> <span class='ocrx_word' id='word_1_281' title='bbox 1005 3786 1036 3839; x_wconf 86' lang='grc'><strong>31</strong></span> <span class='ocrx_word' id='word_1_282' title='bbox 1056 3785 1126 3836; x_wconf 89' lang='lat' dir='ltr'><strong>chla-</strong></span> 
     </span>
     <span class='ocr_line' id='line_1_41' title="bbox 75 3852 1126 3925; baseline -0.004 -16"><span class='ocrx_word' id='word_1_283' title='bbox 75 3853 147 3925; x_wconf 73' lang='lat' dir='ltr'><strong>dem]</strong></span> <span class='ocrx_word' id='word_1_284' title='bbox 162 3854 298 3920; x_wconf 70' lang='lat' dir='ltr'><strong>cruquius</strong></span> <span class='ocrx_word' id='word_1_285' title='bbox 314 3854 359 3918; x_wconf 83' lang='lat' dir='ltr'><strong>(M.</strong></span> <span class='ocrx_word' id='word_1_286' title='bbox 371 3855 477 3905; x_wconf 83' lang='lat' dir='ltr'><strong>Bonnot</strong></span> <span class='ocrx_word' id='word_1_287' title='bbox 487 3871 542 3910; x_wconf 83' lang='lat' dir='ltr'><strong>roo.</strong></span> <span class='ocrx_word' id='word_1_288' title='bbox 561 3856 592 3906; x_wconf 82' lang='lat' dir='ltr'><strong>de</strong></span> <span class='ocrx_word' id='word_1_289' title='bbox 608 3855 702 3922; x_wconf 74' lang='lat' dir='ltr'><strong>philol.</strong></span> <span class='ocrx_word' id='word_1_290' title='bbox 721 3870 747 3904; x_wconf 80' lang='lat' dir='ltr'><strong>n.</strong></span> <span class='ocrx_word' id='word_1_291' title='bbox 759 3871 779 3905; x_wconf 73' lang='lat' dir='ltr'><strong>a.</strong></span> <span class='ocrx_word' id='word_1_292' title='bbox 794 3858 816 3917; x_wconf 89' lang='lat' dir='ltr'><strong>l,</strong></span> <span class='ocrx_word' id='word_1_293' title='bbox 830 3856 878 3906; x_wconf 84' lang='lat'><strong>200</strong></span> <span class='ocrx_word' id='word_1_294' title='bbox 892 3857 955 3919; x_wconf 72' lang='lat' dir='ltr'><strong>aql:</strong></span> <span class='ocrx_word' id='word_1_295' title='bbox 973 3852 1126 3905; x_wconf 87' lang='lat' dir='ltr'><strong>chlamidem</strong></span> 
     </span>
     <span class='ocr_line' id='line_1_42' title="bbox 75 3920 514 3990; baseline -0.002 -12"><span class='ocrx_word' id='word_1_296' title='bbox 75 3932 82 3987; x_wconf 83' lang='lat' dir='ltr'><strong>t</strong></span> <span class='ocrx_word' id='word_1_297' title='bbox 99 3920 240 3978; x_wconf 86' lang='lat' dir='ltr'><strong>clamidem</strong></span> <span class='ocrx_word' id='word_1_298' title='bbox 257 3937 273 3974; x_wconf 87' lang='lat' dir='ltr'><strong>o</strong></span> <span class='ocrx_word' id='word_1_299' title='bbox 291 3921 451 3990; x_wconf 84' lang='lat' dir='ltr'><strong>chlamydem</strong></span> <span class='ocrx_word' id='word_1_300' title='bbox 471 3938 514 3988; x_wconf 81' lang='lat' dir='ltr'><strong>vg.</strong></span> 
     </span>
    </p>
   </div>
   <div class='ocr_carea' id='block_1_7' title="bbox 0 0 1255 4440">
    <p class='ocr_par' dir='ltr' id='par_1_26' title="bbox 0 0 1255 4440">
     <span class='ocr_line' id='line_1_43' title="bbox 0 0 1255 4440; baseline 0 0"><span class='ocrx_word' id='word_1_301' title='bbox 0 0 1255 4440; x_wconf 95' lang='lat' dir='ltr'><strong> </strong></span> 
     </span>
    </p>
   </div>
  </div>
 </body>
</html>
