2474 4440
374 241 602 294 EPISTULARUM
620 243 629 293 l
649 246 689 297 lt.
710 246 749 298 13.

115 414 234 477 Divitiae
256 424 398 493 poterunt
420 414 532 494 regales
554 415 661 476 addere
684 417 786 477 maius

115 501 145 561 Si
165 502 243 561 forte
265 500 295 560 in
318 500 413 559 medio
437 500 602 579 positorum
625 501 784 563 abstemius
806 502 906 564 herbis

115 585 190 647 Vivis
212 594 242 646 et
264 585 366 658 urtica,
389 585 430 645 sic
452 585 530 646 vives
551 587 697 665 protinus,
720 597 753 647 ut
775 597 804 646 te

116 671 275 732 Confestim
298 669 427 748 liquidus
450 669 598 730 Fortunae
623 671 702 731 rivus
725 671 850 744 inauret,

114 755 163 816 Vel
186 755 254 834 quia
279 764 411 816 naturam
434 764 547 816 mutare
569 757 695 834 pecunia
719 757 814 817 nescit
1072 770 1099 820 to

114 840 162 902 Vel
185 841 254 920 quia
277 849 384 900 cuncta
406 849 493 919 putas
515 859 575 901 noa
596 841 702 901 virtute
725 842 848 902 minora.
872 877 915 888 -

115 926 264 998 Miramur,
287 925 311 985 si
335 925 493 986 Democriti
517 944 607 1005 pecus
630 926 689 986 edit
711 926 820 1005 agellos

114 1010 263 1090 Cultaque,
286 1010 355 1070 dum
378 1029 504 1090 peregre
526 1020 571 1071 est
593 1011 709 1072 animus
731 1012 795 1071 sine
817 1031 943 1091 corpore
964 1015 1058 1087 velox,

115 1095 184 1157 Cum
209 1108 241 1156 tu
264 1095 341 1156 iuter
362 1096 489 1156 scabiem
513 1105 623 1157 tantam
646 1105 675 1156 et
697 1097 831 1176 contagia
854 1097 928 1158 lucri

113 1182 157 1242 Nil
178 1198 302 1262 parvum
324 1181 421 1261 sapias
443 1191 472 1241 et
493 1181 587 1241 adhuc
610 1180 746 1242 sublimia
768 1199 868 1243 cures:
1071 1195 1099 1245 15

114 1267 192 1337 Quae
216 1284 296 1326 mare
318 1275 508 1345 compescant
530 1284 645 1339 causae,
668 1267 738 1344 quid
761 1276 907 1346 temperet
928 1287 1050 1343 annum,

114 1351 218 1413 Stellae
241 1360 347 1431 sponte
369 1369 423 1412 sua
444 1351 579 1412 iussaene
601 1360 746 1429 vagentur
768 1361 798 1411 et
821 1365 931 1426 errent,

115 1437 189 1507 Ouid
211 1444 328 1516 premat
350 1436 508 1497 obscurum
531 1436 628 1509 lunae,
653 1437 721 1514 quid
744 1438 884 1515 proferat,
908 1440 1020 1509 orbem,

114 1521 187 1591 Ouid
210 1520 280 1582 velit
302 1530 331 1581 et
353 1522 446 1601 possit
467 1539 568 1583 rerum
591 1520 749 1582 concordia
772 1521 894 1596 discors,

114 1605 307 1687 Empedocles
328 1624 365 1666 an
390 1606 564 1667 Stertinium
587 1607 691 1666 deliret
712 1605 861 1667 acumen?
884 1644 924 1653 —
1071 1619 1099 1670 bt

113 1690 221 1754 Verum
244 1709 296 1752 seu
319 1691 408 1770 piscis
430 1710 482 1752 seu
505 1709 627 1772 porrum
650 1699 678 1752 et
700 1708 788 1770 caepe
811 1692 948 1765 trucidas,

113 1775 199 1839 Utere
222 1777 362 1856 Pompeio
386 1776 522 1856 Grospho
545 1785 574 1836 et
596 1775 692 1854 siquid
714 1784 796 1855 petet
820 1777 896 1838 ultro

114 1861 214 1937 hefer;
238 1862 279 1922 nil
302 1861 456 1941 Grosphus
479 1862 536 1922 nisi
557 1879 659 1922 verum
682 1859 778 1922 orabit
800 1870 829 1923 et
851 1881 987 1941 aequum.

113 1945 181 2010 Vilis
203 1947 364 2007 amicorum
389 1954 433 2007 est
455 1965 583 2021 annona,
606 1946 694 2007 honis
716 1947 767 2007 ubi
791 1948 862 2026 quid
884 1949 974 2010 deest.
999 1981 1039 1992 -

114 2030 152 2092 lle
174 2042 273 2092 tamen
298 2032 425 2109 ignores,
449 2050 508 2109 quo
531 2033 569 2093 sit
590 2032 723 2092 Romana
745 2033 811 2093 loco
834 2051 896 2094 res:
1069 2044 1098 2095 to

115 2115 258 2177 Cantaber
280 2117 435 2195 Agrippae,
459 2115 558 2178 Claudi
581 2119 688 2178 virtute
711 2116 837 2180 Neronis

114 2201 269 2263 Armenius
292 2201 411 2276 cecidit;
433 2201 479 2262 ius
502 2202 718 2282 imperiumque
742 2203 880 2266 Phraates

115 2284 243 2349 Caesaris
265 2286 378 2365 accepit
400 2284 527 2364 genibus
549 2288 662 2360 minor;
686 2306 773 2349 aurea
797 2289 895 2369 fruges

115 2371 209 2433 ltaliae
231 2371 320 2452 pleno
343 2370 478 2431 defundit
500 2371 589 2452 Copia
613 2391 718 2434 cornu.

527 2657 593 2719 Xlll

114 2774 148 2837 Vt
168 2777 406 2857 proficiscentem
429 2777 516 2837 docui
538 2786 568 2837 te
590 2795 676 2856 saepe
699 2778 817 2856 diuque,

114 2860 245 2940 Augusto
268 2862 371 2922 reddes
393 2862 506 2941 signata
528 2863 685 2936 volumina,
710 2863 785 2939 Vini,

115 2945 143 3006 Si
164 2946 284 3021 validus,
307 2947 331 3007 si
353 2947 446 3008 laetus
468 2948 533 3019 erit,
556 2948 580 3008 si
603 2948 731 3026 denique
753 2956 870 3027 poscet3

114 3029 154 3090 Ne
175 3032 272 3093 studio
297 3032 391 3092 nostri
413 3050 519 3112 pecces
542 3032 700 3111 odiumque
722 3031 828 3094 libellis

114 3114 237 3178 Sedulus
259 3117 401 3196 importes
424 3136 514 3197 opera
536 3128 670 3178 vemente
694 3117 835 3178 minister.

114 3198 143 3259 Si
164 3211 193 3262 te
216 3202 291 3262 forte
315 3220 395 3262 meae
417 3204 513 3279 gravis
535 3211 601 3263 uret
622 3203 737 3263 sarcina
758 3203 885 3276 chartae,

115 3285 228 3347 Abicito
251 3287 350 3366 potius
372 3305 461 3365 quam
483 3306 543 3366 quo
566 3289 698 3366 perferre
721 3288 832 3349 iuberis

115 3370 238 3432 Clitellas
260 3373 341 3433 ferus
362 3372 509 3452 impingas
531 3373 696 3451 Asinaeque
719 3383 873 3452 paternum

116 3455 284 3536 Cognomen
306 3466 403 3518 vertas
425 3458 455 3518 in
480 3458 570 3518 risum
595 3468 623 3517 et
644 3458 741 3518 fabula
763 3459 823 3519 fras.

115 3538 228 3602 Viribus
251 3543 342 3604 uteris
364 3561 418 3622 per
441 3543 539 3615 clivos,
562 3543 694 3617 flumina,
716 3543 821 3617 lamas;

115 3622 211 3688 Victor
232 3628 377 3707 propositi
399 3628 486 3689 simul
508 3647 543 3688 ac
564 3628 734 3707 perveneris
757 3629 835 3702 illuc,

51 3763 229 3789 χ-

118 3859 155 3912 llll
172 3879 195 3915 o.
214 3864 247 3915 29
266 3861 364 3914 defudit
382 3878 396 3912 v
415 3861 537 3914 defundet
557 3863 614 3913 11-1’
628 3878 723 3914 mnam.
742 3878 768 3914 n.
787 3881 807 3913 s.
830 3866 867 3924 14,
887 3865 937 3914 309

119 3927 167 3982 Xlll
182 3947 207 3982 υ.
226 3932 241 3982 2
259 3929 327 3993 Vini]
346 3932 381 3994 (υ)
404 3929 568 3995 Torrentius,
586 3947 642 3996 og:
661 3931 731 3981 uinni
