2520 4434
480 215 652 269 cruuntur
670 218 690 270 ll
709 221 733 272 2.
752 222 776 274 3.

224 388 381 449 Redditum
398 388 464 468 Cyri
479 389 553 450 solio
569 390 714 450 Phraaten

226 473 377 534 Dissidens
392 474 472 552 plebi
488 492 612 534 numero
628 475 783 536 beatorum

224 558 333 618 Eximit
348 558 447 618 Virtus
462 560 665 638 populumque
681 559 761 621 salsis

266 643 396 717 Dedooet
410 643 453 703 uti

224 779 364 852 Vocibus,
383 797 508 857 regnum
525 787 554 837 et
569 777 701 839 diadema
716 789 813 840 tutum

224 863 366 925 Delerens
381 864 433 924 uni
450 863 658 942 propriamque
674 863 800 936 laurum,

225 947 366 1026 Quisquis
381 948 510 1027 ingentis
526 948 612 1008 oculo
628 949 775 1009 inretorto

271 1032 391 1111 Spectat
405 1051 533 1093 acervos.

612 1336 651 1395 lll

224 1458 353 1532 Aequam
369 1462 518 1513 memento
535 1454 624 1515 rebus
639 1454 669 1514 in
686 1454 784 1514 arduis

217 1541 350 1600 ¹Servare
365 1547 505 1611 mentem,
522 1557 582 1599 non
599 1558 685 1599 secus
701 1538 731 1598 iu
748 1539 835 1600 bonis

271 1623 314 1684 lb
331 1622 471 1684 insolenti
487 1632 678 1702 temperatam

314 1707 445 1780 Laetitia,
461 1708 604 1768 moriture
619 1707 704 1777 uelli,

225 1844 285 1903 Seu
300 1853 427 1904 maestus
443 1842 673 1920 omnitempore
689 1840 795 1902 vixeris

225 1928 283 1989 Seu
298 1936 327 1986 te
343 1927 374 1988 in
391 1936 505 1987 remoto
520 1927 654 2004 gramine
669 1944 723 2005 per
738 1926 799 1986 dies

271 2011 374 2074 Festos
390 2012 563 2071 reclinatum
580 2011 676 2071 bearis

316 2096 463 2157 interiore
479 2105 547 2155 nota
564 2095 690 2156 Falerni.

225 2232 290 2303 Quo
306 2232 396 2310 pinus
410 2231 516 2309 ingens
531 2230 655 2308 albaque
670 2229 799 2308 populus

225 2315 364 2376 Umbram
381 2315 553 2393 hospitalem
570 2314 742 2375 consociare
757 2324 857 2374 amant

272 2398 394 2460 Ramis‘l
417 2400 484 2478 quid
502 2399 622 2477 obliquo
639 2398 752 2458 laborat

314 2484 446 2563 Lympha
462 2486 549 2561 fugax
564 2483 711 2562 trepidare
726 2481 811 2543 rivo‘l

224 2620 289 2680 lluo
304 2619 373 2679 vina
389 2629 418 2679 et
433 2627 586 2697 unguenta
601 2627 631 2677 et
646 2617 768 2677 nimium
784 2617 881 2678 brevis

224 2703 326 2765 Flores
340 2722 482 2764 amoenae
496 2704 573 2763 serre
590 2702 658 2763 iube
674 2719 767 2774 rosae,

265 2790 341 2849 llum
356 2807 403 2850 res
419 2799 448 2849 et
463 2797 540 2848 aetas
556 2795 585 2847 et
600 2804 736 2847 sororum

227 2897 233 2909 ·
317 2874 378 2933 Fila
394 2875 482 2934 trium
498 2872 652 2952 patiuntur
667 2880 739 2930 atra.
755 2905 796 2914 —

226 3007 317 3068 Cedes
332 3009 474 3087 coemptis
488 3005 610 3069 saltibus
626 3015 655 3065 et
670 3005 758 3065 domo

224 3092 366 3170 villaque,
381 3094 472 3153 ssavus
488 3109 575 3170 quam
590 3089 706 3150 Tiberis
721 3090 798 3160 lavit,

272 3177 373 3248 Cedes,
391 3187 419 3238 et
435 3177 591 3238 exstructis
606 3175 636 3234 in
653 3176 743 3235 altum

153 3273 181 3321 20
343 3262 456 3322 Divitiis
470 3260 600 3340 potietur
614 3261 709 3320 heres.

224 3395 349 3455 llivesne
366 3394 464 3472 prisco
481 3403 567 3455 natus
582 3394 618 3455 ab
635 3394 743 3454 lnaoho

224 3479 270 3539 Nil
285 3479 409 3540 interest
424 3497 460 3539 an
476 3497 589 3558 pauper
604 3488 633 3538 et
648 3479 748 3538 infima

270 3562 312 3623 lle
328 3574 416 3643 gente
431 3563 486 3624 sub
502 3562 567 3624 divo
584 3564 716 3634 moreris,

314 3649 437 3712 Victima
453 3649 495 3709 nil
510 3648 678 3709 miserantis
694 3647 779 3708 Oroi:

98 3785 299 3792 .-——-—

180 3898 199 3949 ll
217 3915 241 3950 υ.
262 3900 292 3952 18
314 3897 398 3966 plebis
413 3896 418 3967 Ι
435 3903 465 3952 19
484 3899 579 3962 Virtus]
603 3899 660 3952 edd.
680 3898 783 3963 aliquot
800 3898 876 3961 (11·Ρ,
896 3897 978 3948 Orelli
994 3899 1068 3958 otc.):
1089 3898 1138 3950 virt
