2474 4440
277 302 278 306 Ν
388 226 617 280 crrsrumnuu
634 229 644 280 r
664 233 704 284 ro.
722 232 763 282 no.
1048 232 1109 290 211

128 400 156 461 Si
179 398 247 473 dixi,
268 392 378 460 ‘Rides'
404 400 453 473 ait,
472 393 515 460 ‘et
538 400 613 462 lovis
635 401 756 463 auribus
778 402 833 463 ista

129 485 248 559 Servas3
271 484 337 544 fidis
359 485 448 557 enim,
472 504 592 545 manare
615 487 730 563 poetica
753 487 839 548 mella

127 570 166 630 l'e
188 569 294 642 solum,
318 569 371 630 tibi
396 560 539 649 pulcher?
578 572 623 631 Ad
646 572 717 632 haec
740 591 795 652 ego
819 573 939 634 naribus
960 575 1003 635 uti
1085 586 1114 634 45

127 654 263 716 Formido
287 663 325 727 et,
347 655 486 716 luctantis
509 666 595 716 acuto
619 675 657 716 ne
679 675 763 718 secer
784 658 887 736 ungui,

123 733 276 819 ‘Displicet
297 740 351 800 iste
374 739 456 801 locus
466 731 487 800 1’
513 740 608 801 clamo
631 752 661 801 et
683 741 790 802 diludia
814 761 917 822 posco.

128 826 226 886 Ludus
249 824 328 884 enim
351 825 455 903 genuit
477 827 625 905 trepidum
648 837 798 887 certamen
821 828 953 901 etnam,

126 910 170 971 lra
193 910 284 971 trucis
307 909 473 971 inimicitias
495 921 524 970 et
547 911 673 973 funebre
695 911 814 972 bellum.

547 1131 599 1191 XX

129 1230 322 1291 Vertumnum
346 1230 519 1309 Ianumque,
543 1233 627 1306 liber,
651 1245 784 1312 spectare
808 1234 924 1308 videris,

130 1316 246 1376 Scilicet
269 1326 301 1376 ut
323 1326 441 1394 prostes
463 1318 615 1378 Sosiorum
640 1318 757 1396 pumice
780 1321 918 1380 mundus.

131 1401 222 1462 Odisti
244 1400 332 1461 clavis
355 1413 385 1461 et
405 1413 487 1480 grata
510 1403 604 1482 sigilla
627 1404 750 1482 pudico;

103 1556 106 1561 ¹
127 1486 229 1547 Paucis
251 1487 366 1546 ostendi
389 1487 482 1565 gemis
505 1499 535 1547 et
557 1488 725 1548 communia
746 1487 856 1562 laudas,

127 1571 191 1632 Non
214 1572 253 1631 ita
277 1571 414 1633 nutritus.
459 1572 541 1651 Fuge
563 1592 623 1651 quo
647 1572 827 1634 descendere
848 1574 952 1651 gestisl
1097 1589 1113 1638 5

128 1656 192 1717 Non
216 1655 274 1716 erit
296 1656 403 1717 emisso
426 1659 537 1719 reditus
559 1659 622 1718 tibi.
662 1651 754 1728 ‘Quid
777 1658 867 1718 miser
888 1659 943 1736 egi,

127 1740 202 1811 onio
225 1737 339 1801 roluil'
365 1741 453 1817 dices,
478 1743 527 1803 ubi
549 1744 620 1821 quid
643 1754 672 1802 te
694 1743 826 1818 laeserit;
850 1753 879 1802 et
901 1744 958 1805 scis

125 1826 156 1887 ln
179 1826 271 1887 breve
293 1835 322 1886 te
345 1827 422 1906 cogi,
444 1846 510 1887 curu
535 1828 644 1907 plenus
665 1827 786 1906 languet
808 1838 930 1889 amator.
1012 1871 1025 1883 .

125 1909 236 1983 Quodsi
259 1929 320 1973 non
344 1911 412 1972 odio
435 1914 587 1992 peccantis
609 1913 716 1992 desipit
738 1931 843 1990 augur,

126 1995 214 2058 Carus
237 1996 296 2057 eris
319 1997 439 2072 Romae,
463 1999 558 2059 donec
581 2008 609 2059 tc
632 1999 748 2059 deserat
769 2007 864 2073 aetas;
1084 2013 1113 2062 to

124 2079 330 2142 contrectatus
353 2081 404 2142 ubi
427 2083 564 2144 manibus
586 2083 759 2144 sordescere
781 2083 858 2162 volgi

127 2164 275 2247 Coeperis
299 2176 350 2226 aut
372 2168 467 2229 tineas
489 2187 592 2246 pasces
615 2169 779 2230 taciturnus
802 2169 907 2229 inertis

126 2256 182 2313 Aut
202 2251 301 2331 fugies
322 2251 435 2312 Uticam
458 2264 509 2314 aut
530 2253 646 2315 vinctus
668 2254 792 2315 mitteris
814 2253 949 2314 Ilerdam.

126 2336 243 2398 Ridehit
264 2337 395 2397 monitor
417 2356 479 2397 non
503 2339 665 2412 exauditus,
687 2340 800 2413 utillo,

127 2423 182 2493 Qui
205 2421 280 2482 male
302 2432 458 2501 parentem
480 2423 510 2483 in
534 2442 625 2503 rupes
646 2425 792 2502 protrusit
814 2424 935 2485 asellum
1085 2436 1113 2486 15

126 2507 234 2568 Iratus:
260 2507 326 2586 quis
348 2507 428 2568 enim
451 2508 576 2570 invitum
598 2526 714 2569 servare
736 2506 873 2576 laboret?

126 2591 187 2652 Hoc
211 2611 331 2671 quoque
354 2602 382 2652 te
404 2605 513 2667 manet,
537 2604 570 2653 ut
591 2612 701 2672 pueros
723 2594 868 2653 elementa
890 2592 1044 2655 docentem

127 2676 260 2756 Occupet
283 2678 422 2738 extremis
444 2679 474 2738 in
499 2678 570 2739 vicis
592 2678 675 2738 balba
696 2689 843 2742 senectus.

126 2762 196 2823 Cum
219 2762 273 2823 tibi
295 2762 340 2823 sol
361 2762 478 2841 tepidus
500 2763 593 2842 pluris
615 2762 778 2823 admoverit
798 2763 886 2835 auris,

126 2847 169 2907 lle
192 2847 332 2908 libertino
355 2859 458 2908 uatum
480 2859 564 2928 patre
588 2858 617 2908 et
639 2848 668 2908 in
693 2848 775 2930 tenui
797 2866 831 2907 re
913 2870 918 2882 r

126 2933 251 2994 llaiores
273 2933 381 3011 pinnas
403 2933 473 2995 nido
497 2933 664 2993 extendisse
686 2933 827 3011 loqueris,

128 3016 163 3078 Ut
185 3027 331 3098 quantum
353 3019 456 3095 generi
478 3019 587 3090 demas,
611 3018 766 3079 virtutibus
789 3018 892 3091 addas;

126 3103 170 3164 lle
193 3101 296 3183 primis
319 3103 402 3163 urhis
423 3102 491 3164 belli
514 3103 660 3184 placuisse
681 3103 830 3180 domique,

127 3187 265 3268 Corporis
287 3189 394 3268 exigui,
418 3207 607 3268 praeconum,
630 3187 742 3249 solibus
764 3195 876 3266 aptum,

127 3273 215 3335 lrasci
238 3273 374 3346 celerem,
397 3283 496 3334 tamen
520 3285 552 3334 ut
573 3273 723 3353 placabilis
746 3291 851 3333 essem.

126 3357 213 3419 Forte
235 3377 335 3419 meum
357 3359 450 3437 siquis
472 3369 501 3419 te
524 3358 748 3437 percontabitur
771 3375 885 3428 aevum,

127 3443 171 3504 lle
194 3452 301 3523 quater
322 3446 457 3505 undenos
480 3443 554 3504 sciat
575 3444 740 3522 implevisse
762 3440 944 3513 decembris,

128 3527 291 3608 Conlegam*
307 3529 451 3608 Lepidum
473 3547 534 3607 quo
558 3529 640 3589 duxit
662 3528 774 3590 Lollius
796 3545 886 3588 anno.

71 3617 242 3640 μ.

126 3661 342 3796 {lglvoqllqlglse'
360 3734 391 3782 to
409 3729 510 3781 deseret
527 3731 561 3794 (u)
581 3729 674 3781 deserit
692 3730 727 3794 (a)
742 3729 746 3794 Ι
762 3731 791 3781 21
812 3743 909 3794 pennos
926 3728 961 3791 (o)
977 3729 980 3791 Ι
996 3728 1029 3778 24
1047 3726 1111 3777 soli-

71 3795 97 3839 lll
119 3800 212 3862 aptum]
240 3795 276 3858 cf.
295 3799 527 3849 admonitiuncula
551 3799 701 3849 Horatiana
723 3800 753 3847 in
776 3798 832 3847 iod.
850 3795 931 3847 schol.
949 3793 1025 3846 Vrat.
1044 3799 1110 3845 aest.

71 3862 171 3932 l1889l
186 3864 251 3916 dixit
267 3868 302 3931 (v)
319 3868 485 3931 Bomagiros
510 3924 515 3933 ι

860 3999 906 4050 14*
