2474 4440
337 981 1074 1079 EPISTULARUM

560 1164 654 1218 LlBER
672 1163 851 1217 SECUNDUS.

703 1336 716 1396 l

255 1458 327 1519 Cum
350 1464 395 1516 tot
417 1456 563 1517 sustineas
586 1464 614 1516 et
635 1464 716 1516 tanta
739 1456 857 1535 negotia
880 1455 969 1529 solus,

255 1543 314 1604 lles
336 1541 423 1602 ltalas
445 1541 534 1602 armis
555 1541 670 1614 tuteris,
693 1540 825 1601 moribus
849 1559 947 1610 ornes,

258 1627 387 1706 Legibus
411 1626 557 1699 emendes,
582 1627 612 1687 in
636 1625 754 1705 publica
777 1625 931 1686 commoda
954 1644 1086 1705 peccem,

255 1713 286 1773 Si
310 1713 399 1792 longo
422 1730 558 1772 sermone
581 1729 681 1772 morer
702 1721 752 1771 tua
773 1721 917 1790 tempora,
941 1710 1055 1773 Caesar.
1079 1748 1121 1759 -

255 1798 398 1859 Romulus
422 1806 451 1857 et
472 1796 561 1856 Liber
583 1807 668 1876 pater
690 1806 720 1856 et
742 1814 809 1856 cum
834 1798 953 1857 Castore
976 1796 1092 1871 Pollux,

256 1883 328 1944 Post
351 1882 482 1959 ingentia
504 1883 580 1942 facta
604 1883 727 1943 deorum
750 1882 780 1941 in
803 1881 912 1960 templa
935 1883 1056 1962 recepti,

259 1968 334 2029 Dum
359 1978 453 2028 terras
475 1967 690 2046 bominumque
713 1966 816 2027 colunt
838 1985 942 2046 genus,
966 1986 1070 2046 aspera
1092 1968 1167 2030 bella

258 2053 459 2131 Componunt,
482 2069 569 2130 agros
590 2052 754 2130 adsignant,
779 2052 886 2131 oppida
909 2052 1054 2126 condunt,

256 2137 413 2198 Ploravere
437 2136 498 2197 suis
521 2156 583 2197 non
607 2137 789 2216 respondere
812 2138 943 2198 favorem

258 2222 416 2301 Speratum
438 2221 559 2282 meritis.
605 2221 704 2282 Diram
728 2222 778 2300 qui
801 2222 937 2282 contudit
958 2221 1082 2302 hydram

256 2307 390 2385 Notaque
412 2306 492 2366 fatali
514 2315 651 2385 portenta
674 2305 776 2367 labore
798 2307 924 2386 subegit,

258 2391 408 2470 Comperit
429 2391 566 2452 invidiam
589 2410 729 2471 supremo
753 2393 812 2453 fine
835 2392 964 2467 domari;

258 2477 320 2538 Urit
343 2477 422 2537 enim
444 2476 560 2556 fulgore
582 2496 635 2538 suo
660 2477 710 2556 qui
732 2485 904 2556 praegravat
927 2477 998 2538 artis

256 2562 336 2623 lnfra
359 2581 391 2624 se
413 2562 532 2642 positas,
557 2563 720 2623 exstinctus
742 2561 887 2623 amabitur
910 2562 996 2623 idem.

260 2647 412 2710 Praesenti
435 2647 488 2708 tibi
512 2657 644 2709 maturos
667 2647 810 2726 largimur
832 2648 963 2709 bonores

256 2732 458 2811 lurandasque
480 2742 564 2792 tuum
588 2751 641 2811 per
664 2750 774 2793 numen
798 2733 938 2812 ponimus
960 2750 1033 2805 aras,

257 2819 304 2879 Nil
326 2819 474 2879 oriturum
497 2817 577 2892 alias,
602 2817 644 2877 nil
667 2826 763 2878 ortum
787 2818 844 2878 tale
866 2819 1002 2880 fatentes.

234 2907 237 2914 '
258 2903 316 2964 Sed
338 2913 407 2964 tuus
430 2903 477 2964 hic
500 2903 638 2982 populus,
662 2902 780 2982 sapiens
803 2912 832 2964 et
854 2903 948 2964 iustus
970 2903 1001 2963 in
1025 2922 1087 2965 uno
1179 2966 1182 2973 ,

259 2989 301 3048 Te
326 2988 437 3050 nostris
460 2988 594 3062 ducibus,
616 2996 646 3048 te
669 2988 752 3049 Grais
775 2988 976 3061 anteferendo,

258 3073 360 3135 Cetera
383 3091 570 3152 nequaquam
593 3073 679 3134 simili
702 3073 816 3134 ratione
839 3073 987 3152 modoque

258 3159 400 3219 Aestimat
422 3166 460 3232 et,
484 3158 539 3219 nisi
563 3176 639 3236 quae
661 3158 749 3219 terris
771 3168 883 3219 semota
906 3158 1027 3237 suisque

258 3242 454 3323 Temporibus
476 3243 614 3304 defuncta
636 3243 724 3316 videt,
747 3243 855 3304 fastidit
878 3252 906 3304 et
928 3244 997 3317 odit,

259 3328 308 3388 Sic
330 3330 427 3389 fautor
449 3337 592 3401 vetorum,
616 3338 648 3388 ut
669 3326 784 3389 tabulas
806 3347 930 3408 peccare
953 3330 1079 3390 vetantis

259 3413 339 3484 Quas
362 3412 408 3474 bis
432 3413 563 3492 quinque
586 3413 639 3473 viri
662 3424 832 3486 sanxerunt,
855 3413 975 3475 foedera
997 3432 1103 3494 regum
1182 3482 1184 3486 y

173 3509 201 3558 ro
258 3497 310 3559 Vel
333 3497 433 3559 Gabiis
454 3498 500 3558 vel
522 3516 589 3558 cum
613 3499 714 3576 rigidis
737 3507 859 3578 aequata
882 3498 1008 3572 Sabinis,

258 3583 436 3644 Pontificum
458 3581 560 3655 libros,
584 3602 697 3645 annosa
719 3585 868 3645 volumina
889 3594 989 3645 vatum

258 3668 377 3729 Dictitet
399 3667 512 3729 Albano
535 3669 633 3730 Musas
655 3669 685 3728 in
710 3680 811 3730 monte
833 3670 956 3731 locutas.
979 3704 1021 3715 —

261 3854 312 3906 lo.
331 3856 346 3905 6
367 3853 417 3904 fata
438 3851 521 3903 Rentl.
544 3853 548 3918 Ι
574 3855 605 3906 16
623 3856 727 3917 numen]
739 3876 772 3895 =
784 3853 834 3904 Bfl:
853 3867 946 3906 nomen
966 3852 971 3921 Ι
993 3854 1023 3905 18
1041 3852 1092 3904 boe
1109 3854 1146 3919 (o)
1165 3855 1227 3907 Bam
