2474 4440
419 202 593 255 CARMINUM
610 204 631 255 11
650 207 689 256 19.
708 206 749 258 20.

10 364 15 375 '
127 410 131 415 -
178 373 218 434 Tu
233 373 327 434 flectis
341 373 446 447 amnis,
462 384 494 434 tu
510 392 590 435 mare
607 373 773 450 barbarum,

178 459 217 519 Tu
233 458 376 537 separatis
391 458 494 519 uvidus
509 459 539 519 in
556 459 632 537 iugis

219 544 303 603 Nodo
319 560 438 603 coerces
453 542 587 621 viperino

270 627 455 688 Bistonidum
470 627 534 688 sine
549 627 650 688 fraude
666 627 772 702 crinis3

179 745 229 818 Tu,
246 763 314 806 cum
329 745 461 825 parentis
476 764 566 824 regna
583 763 636 823 per
651 746 776 804 arduum

180 828 290 891 Cohors
305 829 464 909 Gigantum
479 829 635 891 scanderet
651 829 750 908 impia,

222 913 369 974 Rhoetum
385 915 529 976 retorsisti
545 914 640 974 leonis
695 960 697 964 .

271 998 426 1077 Unguibus
442 999 634 1076 horribilique
649 997 732 1070 mala,

179 1115 362 1194 Quamquam
377 1116 492 1177 choreis
508 1117 605 1195 aptior
620 1126 650 1175 et
664 1115 736 1176 iocis

177 1199 319 1279 Ludoque
335 1200 430 1261 dictus
446 1220 507 1261 non
523 1211 566 1261 sat
580 1201 704 1261 idoneus

222 1285 342 1364 Pugnae
359 1285 508 1357 ferebaris,
524 1286 573 1345 sed
589 1284 667 1345 idem

273 1370 354 1431 Pacis
369 1387 435 1430 eras
449 1369 621 1447 mediusque
636 1368 719 1440 beili;

180 1486 218 1546 Te
233 1487 304 1547 vidit
317 1488 422 1548 insons
438 1486 583 1548 Cerberus
599 1505 689 1547 aureo

180 1570 277 1632 Cornu
293 1572 443 1645 decorum,
459 1572 566 1633 leniter
581 1580 709 1631 atterens

223 1656 359 1730 Caudam,
376 1666 405 1717 et
420 1657 586 1718 recedentis
600 1654 733 1734 trilingui

275 1741 333 1802 Ore
348 1742 438 1821 pedes
453 1742 607 1820 tetigitque
622 1758 717 1800 crura.

562 1992 614 2051 XX

180 2092 243 2153 Non
258 2093 371 2154 visitata
387 2112 442 2154 nec
457 2095 540 2154 tenui
557 2095 634 2154 ferar

180 2177 272 2238 Pinna
287 2177 421 2238 biformis
436 2178 647 2256 perliquidum
663 2178 780 2239 aethera

224 2262 311 2323 Vates
327 2280 429 2340 neque·
440 2264 470 2322 in
486 2262 574 2324 terris
591 2263 729 2322 morabor

275 2346 407 2425 Longius
422 2346 589 2425 invidiaque
605 2347 699 2407 maior

180 2461 266 2522 Urbis
280 2462 456 2541 relinquam.
486 2463 551 2524 Non
569 2482 634 2542 ego,
649 2480 815 2543 pauperum

181 2546 304 2626 Sanguis
319 2556 487 2626 parentum,
504 2567 565 2609 non
583 2566 646 2627 ego,
662 2566 752 2627 quem
768 2566 864 2622 vocas,

225 2631 335 2692 Dilecte
350 2632 512 2706 Maecenas,
529 2632 617 2693 obibo

277 2716 338 2776 Nec
354 2717 452 2796 Stygia
468 2717 630 2778 cohibebor
644 2718 732 2778 unda.
749 2750 792 2759 —

180 2832 237 2892 lam
254 2833 311 2893 iam
326 2833 461 2894 residunt
476 2834 613 2894 cruribus
628 2852 749 2912 asperae

181 2917 275 2978 Pelles
290 2926 320 2978 et
334 2917 432 2979 album
449 2927 549 2979 mutor
563 2919 594 2979 in
610 2919 707 2978 alitem

226 3002 362 3081 Superne
378 3012 600 3081 nascunturque
615 3003 692 3063 leves

276 3087 333 3148 Per
348 3086 454 3166 digitos
470 3106 647 3166 umerosque
661 3087 788 3167 plumae,

62 3181 254 3212 X...-

143 3249 195 3301 xlx
214 3267 237 3302 o.
257 3254 289 3304 24
307 3251 496 3319 horribilisque]
515 3256 547 3305 oi.
560 3252 647 3305 nentt.
667 3255 711 3314 (erc
729 3253 835 3302 Acrone
853 3251 884 3302 de
900 3253 1037 3316 scriptura
1055 3252 1124 3303 nibil

68 3312 263 3370 ⁰⁰oetudendum
293 3336 355 3384 oasa,
380 3325 452 3371 reete
478 3321 603 3372 admonet
631 3319 682 3383 ott,
712 3321 760 3384 qui
784 3335 925 3385 perperam
942 3321 1025 3371 danto
1041 3336 1122 3385 proa-

68 3381 133 3456 augg
147 3386 308 3438 Bocbartum
328 3389 469 3438 hierozoic.
488 3388 519 3439 111
541 3389 556 3438 2
580 3389 660 3438 batim
677 3389 745 3439 coni.
764 3391 900 3438 auctorem
921 3390 1060 3449 nominat,·
1083 3389 1124 3438 ibi

69 3449 127 3500 ‘mtto
143 3457 222 3504 tacita
239 3459 267 3504 et
282 3457 312 3504 in
330 3455 368 3508 ad.
405 3457 473 3508 rinc.
491 3473 516 3508 a.
536 3457 601 3507 1663
619 3460 646 3505 et
662 3459 692 3506 in
716 3455 757 3507 ed.
777 3455 907 3506 Clodiano
935 3460 960 3505 et
977 3458 1006 3505 in
1026 3455 1122 3506 Roseu-

70 3515 225 3572 ’noeumane
242 3521 369 3582 adfertur
384 3471 552 3590 borribilique
571 3523 647 3587 mala)
661 3523 666 3589 Ι
681 3524 802 3586 [25-28]
820 3523 850 3572 b*

140 3588 182 3640 XX
204 3606 225 3641 o.
247 3593 260 3643 1
279 3589 646 3656 visitatalltargtaos(1aaat
673 3606 760 3656 opusc.
776 3591 843 3655 ptit.
860 3589 880 3640 11
899 3593 961 3650 141;
978 3591 1049 3654 Aug.
1067 3606 1121 3641 rer.

72 3653 268 3720 “regestorum
284 3658 338 3708 ind.
352 3673 381 3723 p.
403 3661 464 3711 tto:
484 3659 579 3710 usitata
594 3661 598 3724 Ι
615 3660 629 3710 3
648 3662 713 3710 terra
729 3658 734 3724 Ι
750 3659 765 3708 6
782 3672 857 3724 quem
876 3665 970 3709 vocant
983 3658 1068 3708 Bentl.
1082 3658 1123 3709 cui

72 3718 133 3772 'atas
150 3726 178 3776 H.
192 3724 238 3777 rt.
251 3725 386 3790 Homnng
404 3742 495 3777 comm.
520 3727 551 3776 do
570 3728 695 3792 partibus
719 3740 784 3776 com.
805 3725 849 3776 Gr.
867 3726 955 3776 Borol.
976 3727 1038 3777 1861
1061 3727 1122 3774 thes.

72 3774 232 3913 {gfffgdtsm
250 3809 339 3859 apuu.
358 3794 374 3843 t.
394 3793 410 3848 ι.
438 3793 442 3862 ι
470 3796 572 3857 [o-m]
591 3794 660 3856 tn,
684 3796 731 3859 qut
749 3791 784 3853 es.
801 3808 828 3858 ρ.
846 3791 880 3844 tx
898 3794 938 3844 aa.
956 3810 981 3843 a.
1003 3794 1076 3853 neco,
1094 3806 1121 3856 ρ.

149 3878 230 3913 e.a.
251 3863 317 3914 tata
