2474 4440
110 231 171 289 216
486 230 716 284 EPISTULARUM
733 232 753 284 ll
774 236 796 286 1.

195 403 331 465 Carmine
353 404 382 463 di
405 404 503 482 superi
526 405 690 484 placantur,
713 405 845 465 carmine
870 405 981 467 Manes.
1007 441 1050 450 —

193 488 347 569 Agricolae
370 489 467 567 prisci,
490 490 582 550 lortes
603 508 753 568 parvoque
777 491 862 562 beati,

109 584 152 635 111)
195 572 319 635 Condita
342 583 409 652 post
431 575 578 635 frumenta
602 576 731 637 levantes
753 585 888 654 tempore
910 578 986 638 festo
1080 594 1092 621 r

196 657 310 737 Corpus
333 669 362 718 et
383 659 479 738 ipsum
502 660 631 720 animum
654 678 707 738 spe
728 661 796 722 finis
818 660 892 721 dura
914 663 1063 723 ferentem

195 744 267 805 Cum
290 744 377 805 sociis
400 763 533 823 operum,
556 746 656 824 pueris
678 754 707 807 et
729 746 856 823 coniuge
879 747 945 817 fida,

194 827 341 890 Tellurem
364 847 467 908 porco,
490 830 639 890 Silvanum
662 831 736 892 lacte
759 830 889 910 piabant,

194 914 330 975 Floribus
352 922 381 975 et
402 914 471 975 vino
494 914 620 975 Genium
643 934 804 977 memorem
827 915 923 977 brevis
945 919 1017 978 aevi.

108 1010 149 1060 145
195 999 379 1060 Fescennina
401 1017 456 1078 per
477 1000 558 1061 bunc
581 1000 698 1061 inventa
721 1001 838 1062 licentia
861 1019 974 1062 morem

193 1084 333 1146 Versibus
355 1084 476 1144 alternis
499 1085 660 1164 opprobria
683 1086 792 1147 rustica
814 1086 899 1156 fudit,

193 1169 386 1248 Libertasque
408 1169 591 1231 recurrentis
613 1179 732 1250 accepta
756 1190 809 1250 per
832 1190 927 1232 anuos

193 1255 277 1316 Lusit
299 1254 471 1325 amabiliter,
494 1255 590 1316 donec
612 1256 668 1316 iam
692 1274 794 1317 saevus
817 1267 948 1336 apertam

193 1339 227 1399 ln
251 1340 361 1400 rabiem
385 1341 484 1418 coepit
505 1340 578 1400 verti
600 1341 683 1402 iocus
705 1350 734 1402 et
755 1361 810 1421 per
832 1342 971 1403 honestas

108 1435 150 1485 110
192 1424 239 1485 lre
262 1425 364 1487 domos
387 1426 509 1505 impune
532 1425 640 1486 minax.
685 1426 812 1488 Doluere
836 1436 960 1488 cruento

193 1510 288 1570 Dente
310 1511 444 1583 lacessiti,
468 1511 523 1571 luit
544 1511 662 1572 intactis
684 1530 804 1590 quoque
826 1531 896 1573 cura

194 1594 375 1656 Condicione
397 1614 487 1675 snper
509 1596 669 1667 communi,
693 1597 764 1674 quin
789 1597 875 1657 etiam
898 1597 944 1657 lex

193 1680 351 1759 Poenaque
374 1681 441 1752 lata,
463 1681 540 1741 malo
564 1699 638 1759 quae
661 1682 753 1742 nollet
776 1683 906 1742 carmine
929 1701 1110 1763 quemquam

194 1765 341 1827 Describit
364 1777 479 1827 vertere
501 1765 622 1826 modum
646 1767 804 1827 formidine
826 1767 911 1828 fustis

108 1859 150 1910 155
193 1851 237 1911 Ad
259 1851 337 1913 bene
359 1852 515 1913 dicendum
539 1851 804 1930 delectandumque
828 1853 947 1913 redacti.
971 1887 1012 1897 -

194 1936 313 1997 Graecia
336 1946 419 2016 capta
442 1939 538 1997 ferum
559 1936 700 1997 victorem
723 1938 802 2015 cepit
823 1946 852 1997 et
874 1939 944 1998 artis

193 2020 296 2081 lutulit
318 2022 424 2099 agresti
448 2022 547 2096 Latio;
570 2021 612 2082 sic
634 2021 773 2083 horridus
795 2023 843 2082 ille

193 2106 321 2166 llelluxit
343 2126 487 2168 uumerus
509 2107 665 2168 Saturnius
688 2117 717 2167 et
739 2125 826 2186 grave
848 2107 927 2168 virus

194 2191 356 2252 llunditiae
378 2192 528 2271 pepulere,
551 2191 656 2252 sedin
679 2192 802 2270 longum
825 2202 922 2253 tamen
945 2211 1050 2254 aevum

108 2285 150 2335 1611
194 2275 367 2337 Mauserunt
389 2277 535 2355 hodieque
558 2286 680 2337 manent
701 2278 821 2355 vestigia
844 2276 930 2338 ruris.

194 2361 284 2422 Serus
307 2363 386 2422 enim
410 2362 529 2422 Graecis
550 2362 678 2422 admovit
700 2363 835 2423 acumina
858 2362 968 2424 chartis

193 2446 230 2506 Et
252 2456 320 2526 post
341 2447 453 2508 Punica
474 2447 550 2507 bella
573 2448 691 2524 quietus
714 2465 856 2526 quaerere
879 2447 987 2526 coepit,

194 2532 273 2603 Quid
295 2532 459 2612 Sophocles
482 2542 511 2593 et
534 2532 659 2611 Thespis
681 2543 711 2593 et
733 2532 894 2611 Aeschylus
916 2531 989 2592 utile
1012 2535 1120 2595 ferrem

194 2618 358 2696 Temptavit
381 2637 498 2697 quoque
522 2636 594 2689 rem,
618 2618 642 2678 si
665 2618 753 2696 digne
776 2628 890 2678 vertere
912 2627 1023 2696 posset,

107 2712 148 2762 165
193 2702 231 2762 Et
253 2704 362 2782 placuit
384 2703 438 2764 sibi
461 2712 565 2763 natura
589 2702 723 2764 sublimis
745 2714 774 2763 et
796 2721 877 2765 acer:

193 2788 266 2848 Nam
288 2789 381 2867 spirat
403 2789 544 2868 tragicum
569 2788 639 2849 satis
661 2799 691 2848 et
713 2788 837 2847 feliciter
859 2788 956 2859 audet,

195 2873 253 2932 Sed
276 2884 392 2952 turpem
415 2884 500 2952 putat
522 2874 626 2934 inscite
648 2873 812 2949 metuitque
835 2872 964 2932 lituram.

194 2955 339 3031 Creditur,
362 2978 397 3019 ex
419 2959 516 3019 medio
540 2959 607 3037 quia
630 2976 678 3018 res
701 2958 831 3028 arcessit,
855 2957 964 3018 habere

194 3042 317 3104 Sudoris
340 3044 503 3116 minimum,
526 3045 577 3105 sed
601 3043 688 3104 habet
709 3043 861 3103 comoedia
883 3052 967 3102 tanto

110 3138 151 3188 110
195 3127 265 3188 Plus
287 3129 396 3201 oneris,
419 3138 529 3207 quanto
552 3129 654 3189 veniae
677 3129 790 3189 minus:
813 3127 940 3206 adspice,
963 3127 1083 3188 Plautus

195 3212 260 3283 Quo
284 3223 370 3292 pacto
392 3224 490 3292 partes
512 3222 625 3274 tutetur
647 3214 772 3274 amantis
794 3213 911 3291 ephebi,

192 3297 233 3358 Ut
254 3299 345 3376 patris
367 3300 481 3372 attenti,
504 3299 621 3360 lenonis
644 3307 676 3359 ut
698 3299 839 3370 insidiosi,

194 3381 329 3452 Quantus
352 3384 389 3444 sit
411 3385 583 3445 Dossennus
607 3383 745 3445 edacibus
767 3384 797 3443 in
822 3382 964 3461 parasitis,

193 3466 287 3537 Quam
311 3486 373 3528 nou
396 3470 534 3529 adstricto
557 3478 713 3548 percurrat
734 3468 845 3548 pulpita
868 3484 973 3540 socco;

107 3560 150 3611 115
195 3551 289 3612 Gestit
311 3553 390 3613 enim
413 3571 566 3613 nummum
591 3555 620 3614 in
643 3554 757 3614 loculos
780 3553 944 3626 demittere,
967 3550 1104 3630 posthoc

192 3722 201 3772 l
219 3738 242 3772 o.
263 3724 310 3774 141
330 3724 356 3771 et
374 3721 460 3786 pueris
479 3725 504 3771 et
519 3721 523 3786 Ι
541 3724 588 3773 145
607 3722 709 3772 invecta
729 3721 755 3772 C.
770 3719 854 3770 Barth
872 3719 909 3770 ad
921 3719 1064 3770 Claudiani
1079 3716 1120 3780 epit

109 3791 219 3841 lamium
242 3790 356 3841 Hortarii
388 3789 426 3839 ed.
459 3788 599 3840 Claudiae.
625 3804 653 3855 p.
674 3790 722 3839 ’165
752 3792 844 3852 tacite,
869 3788 954 3839 Beattl.
983 3787 987 3853 Ι
1017 3787 1063 3838 153
1087 3787 1120 3834 nrt

107 3856 620 3978 1ξὲῗὲἱὶῗᾶἓὲΝαυοΙςίαειεείοθΙιἸ
639 3859 685 3909 tot
699 3856 725 3908 in
738 3858 840 3923 scriptis
853 3881 883 3900 =
897 3856 934 3906 13⁰
942 3871 987 3921 pr.
1000 3873 1020 3906 a.
1033 3852 1120 3916 inscript
