2474 4440
490 251 679 305 sarmatum
697 253 717 304 ll
735 255 759 306 2.

179 426 279 487 Militia
302 425 455 486 adsuetum
479 427 621 502 graecari,
645 445 697 486 seu
720 425 778 504 pila
800 426 882 486 velox

179 511 304 572 Molliter
326 519 476 571 austerum
500 512 596 572 studio
619 511 737 570 saliente
760 510 890 571 laborem

179 598 236 658 Seu
258 606 287 657 te
310 595 409 657 discus
431 595 499 673 agit,
523 605 590 674 pete
612 595 766 656 cedentem
790 615 857 656 aera
880 595 961 657 disco
977 630 1001 667 -‚

180 682 250 744 Cum
274 681 358 741 labor
380 680 526 741 extuderit
548 681 670 752 fastidia,
693 681 799 755 siccus,
821 681 919 742 inanis

180 768 292 847 Sperne
317 765 415 827 cibum
436 765 532 835 vilem,
557 766 611 826 nisi
635 766 781 845 Hymettia
803 766 888 826 mella
912 766 1036 826 Falerno
1137 775 1165 826 ti

180 852 219 912 Ne
241 852 354 913 biberis
376 851 475 911 diluta.
520 850 605 911 Foris
627 862 671 910 est
693 869 815 929 promus
837 861 866 911 et
888 860 984 912 atrum

180 937 347 998 Defendens
369 936 458 1015 piscis
480 936 589 996 hiemat
611 954 704 996 mare:
728 955 794 996 cum
818 937 876 996 sale
899 937 984 1015 panis

179 1022 345 1083 Latraotem
368 1022 552 1081 stomachum
576 1021 653 1081 bene
676 1021 776 1081 leniet.
821 1022 905 1082 Unde
927 1032 1013 1100 putas
1036 1031 1086 1082 aut

182 1107 236 1178 Qui
260 1104 400 1186 partum?
424 1125 484 1166 non
508 1107 538 1165 in
562 1125 631 1165 caro
654 1105 759 1166 nidore
781 1107 916 1185 voluptas

181 1192 307 1264 Summa,
330 1192 381 1253 sed
405 1191 434 1250 in
458 1199 487 1251 te
510 1191 573 1270 ipso
596 1201 648 1251 est.
687 1190 731 1250 Tu
754 1192 950 1269 pulmentaria
973 1190 1081 1268 quaere
1135 1201 1163 1252 tt

180 1277 332 1350 Sudando;
355 1276 496 1356 pinguem
519 1276 594 1336 vitiis
616 1276 773 1354 albumque
799 1295 895 1354 neque
918 1288 1014 1337 ostrea

179 1362 234 1423 Nec
258 1380 361 1423 scarus
383 1370 433 1422 aut
454 1361 563 1440 poterit
585 1361 742 1440 peregrina
766 1362 863 1422 iuvare
886 1362 987 1440 lagois.
1032 1428 1035 1431 Α

179 1447 228 1508 Vix
250 1458 349 1508 tamen
373 1446 505 1525 eripiam,
528 1448 624 1524 posito
647 1465 759 1525 pavone
783 1446 852 1506 veiis
875 1448 944 1524 quin

179 1532 238 1594 Hoc
261 1533 470 1611 potiusquam
493 1532 598 1610 gallina
621 1540 737 1609 tergere
760 1532 899 1610 palatum,

180 1617 339 1697 Corruptus
360 1618 443 1677 vanis
465 1634 575 1688 rerum,
598 1616 666 1694 quia
688 1625 792 1675 veneat
815 1634 886 1676 auro
1133 1623 1162 1675 tt

179 1703 249 1764 Rara
273 1702 333 1763 avis
356 1712 385 1763 et
406 1702 483 1781 picta
506 1702 615 1780 pandat
636 1701 801 1784 spectacula
825 1702 925 1773 cauda,

179 1788 336 1867 Tamquam
353 1787 387 1847 ad
404 1805 467 1847 rem
482 1787 604 1847 attineat
619 1787 787 1864 quicquam.
821 1786 896 1846 Num
913 1785 1038 1846 vesceris
1054 1785 1119 1861 ista,

180 1872 269 1944 Quam
293 1872 404 1944 laudas,
427 1870 547 1951 pluma?
570 1881 656 1932 cocto
680 1890 751 1930 uum
775 1872 857 1932 adest
878 1872 975 1931 honor
997 1869 1097 1932 idem?

178 1957 266 2019 Carne
289 1966 387 2018 tamen
411 1958 543 2034 quamvis
564 1957 651 2017 distat
673 1956 714 2017 nil
737 1957 791 2016 hae
813 1956 905 2034 magis
927 1957 985 2029 illa,

176 2041 339 2122 lmparibus
360 2042 463 2103 formis
485 2044 641 2120 deceptum
665 2051 693 2101 te
716 2049 818 2120 petere
841 2051 913 2112 esto,
1132 2052 1160 2102 tu

176 2127 256 2189 Unde
280 2128 380 2189 datum
402 2128 503 2199 sentis,
526 2127 613 2205 lupus
635 2128 684 2187 hic
707 2126 866 2188 Tiberinus
887 2145 924 2187 an
948 2127 1005 2186 alto

177 2212 282 2294 Captus
305 2210 386 2273 hiet?
409 2213 549 2291 pontisne
572 2212 650 2272 inter
671 2213 794 2272 iactatus
816 2231 853 2272 au
877 2213 971 2273 amnis

176 2297 251 2360 Ostia
276 2298 332 2360 sub
354 2295 466 2358 Tusci?
510 2296 632 2369 Laudas,
656 2297 769 2369 insane,
792 2298 936 2358 trilibrem

176 2383 305 2455 Mullum,
329 2384 359 2443 in
383 2382 499 2462 singula
522 2401 609 2460 quem
634 2384 752 2443 minuas
780 2383 932 2461 pulmenta
962 2402 1083 2445 necesse
1105 2391 1158 2444 cst.

176 2467 258 2530 Ducit
280 2477 310 2528 te
332 2468 456 2545 species,
479 2468 573 2527 video.
611 2468 677 2538 Quo
700 2468 830 2546 pertinet
852 2486 922 2547 ergo
1131 2477 1160 2527 tt

175 2553 317 2615 Procerus
340 2552 435 2613 odisse
457 2550 567 2631 lupos?
591 2553 659 2631 quia
681 2553 793 2613 scilicet
814 2551 870 2612 illis

176 2638 313 2700 Maiorem
338 2647 443 2698 natura
467 2637 586 2697 modum
610 2637 697 2709 dedit,
721 2638 766 2698 his
789 2636 876 2697 breve
899 2635 1025 2715 pondus.

176 2723 294 2785 ieiunus
317 2741 384 2784 raro
408 2723 577 2784 stomachus
599 2722 725 2800 volgaria
748 2722 861 2781 temnit.

172 2801 356 2870 ‘Porrectum
378 2826 486 2886 magno
510 2826 649 2884 magnum
672 2815 806 2886 spectare
828 2805 926 2866 catino

174 2884 289 2954 Vellem'
317 2893 357 2953 ait
379 2893 515 2974 Harpyiis
538 2893 604 2972 guia
628 2893 715 2971 digna
738 2891 903 2970 rapacibus.
941 2891 1051 2951 Atros
1129 2901 1159 2951 40

174 2979 355 3052 Praesentes,
370 2978 478 3052 Austri,
495 2978 612 3056 coquite
628 2978 734 3037 borum
751 2977 883 3038 obsonia.
917 2975 1101 3054 Quamquam

175 3063 258 3125 Putet
280 3081 352 3143 aper
374 3064 575 3141 rhombusque
597 3080 712 3134 recens,
735 3063 809 3122 mala
832 3061 918 3140 copia
940 3061 1057 3138 quando

111 3205 287 3227 N—

109 3323 208 3381 icaeum
225 3348 271 3384 seu
290 3339 316 3382 te
334 3330 420 3383 discus
439 3331 492 3397 agit
510 3330 594 3383 studio
608 3330 713 3382 fallente
726 3330 841 3381 laborem
854 3331 1063 3381 contram-P
1072 3332 1157 3396 (prod.

109 3389 190 3450 ttteac
207 3401 271 3452 Hor.
287 3418 314 3464 p.
334 3403 383 3452 705
396 3418 443 3466 eq,
462 3400 523 3450 adn.
544 3400 583 3453 ed.
602 3416 626 3450 o.
648 3401 721 3460 1879,
740 3399 789 3463 Ma,
807 3398 925 3466 Spcgero
944 3401 996 3449 obs.
1016 3403 1043 3449 at
1059 3399 1157 3450 emend.

109 3472 128 3521 t·
142 3464 237 3533 tesam
263 3468 384 3533 equidem
401 3470 490 3534 potius
509 3468 654 3533 crederem,
679 3483 782 3517 uersum
805 3483 890 3516 unum
909 3467 1060 3517 addendum
1078 3482 1158 3532 quam

110 3526 240 3586 immam
258 3553 328 3599 eam
345 3552 370 3587 u.
391 3539 421 3589 13
441 3536 626 3602 (pete—disco)
645 3534 745 3587 HVAK
764 3535 768 3600 Ι
794 3537 827 3586 28
846 3535 916 3585 color
941 3536 944 3599 Ι
972 3536 1004 3587 29
1023 3550 1100 3601 quam
1117 3535 1157 3585 vis

109 3594 140 3656 Ι*
154 3600 357 3668 Βοεᾱσνίοίηίαε,
378 3604 531 3668 Madvigius
547 3604 606 3654 ado.
625 3605 687 3655 erit.
701 3603 718 3662 l,
739 3604 796 3665 102,
817 3611 838 3666 t,
856 3606 904 3667 qui
921 3605 1001 3667 magis
1018 3619 1069 3668 pro
1082 3603 1158 3653 lance

109 3669 223 3731 accipiunt
248 3677 310 3736 poet
332 3672 353 3725 1.
370 3673 403 3722 A.
424 3670 610 3736 Sebaeserum,
638 3672 666 3722 G.
686 3671 903 3735 (Gdttiingium‘ij
922 3674 972 3721 act.
993 3671 1042 3720 titt.
1060 3672 1113 3722 Ian.
1132 3687 1157 3721 α.

110 3731 166 3797 1⁸27,
190 3741 237 3794 215
260 3757 289 3807 p.
309 3742 376 3806 273),
406 3740 604 3801 Thortcenium,
633 3744 659 3789 et
685 3740 769 3806 quiuis
797 3743 800 3805 Ι
828 3740 922 3790 haece
951 3740 955 3802 Ι
983 3740 1064 3803 29sq.
1084 3739 1157 3800 ‚hane

109 3805 172 3867 btp'e
187 3807 227 3860 iila
246 3809 263 3861 i.
282 3808 299 3860 i.
318 3807 342 3859 d.
362 3814 387 3860 te
405 3815 492 3874 petere
511 3812 582 3859 esto:
601 3808 744 3858 secundum
761 3809 858 3873 Porpb.
870 3806 922 3858 ΑΚ
932 3807 936 3872 Ι
951 3806 1022 3856 illam
1043 3809 1047 3872 Ι
1068 3807 1100 3858 30
1113 3821 1157 3872 pa-

110 3866 138 3918 ῑθῑ
150 3869 153 3936 Ι
165 3875 259 3938 peteret
278 3882 347 3929 esto:
366 3878 396 3940 (a.
411 3879 426 3940 ΙΙ
445 3882 470 3926 ei
487 3881 566 3941 petet.
586 3881 651 3927 esto.
671 3877 700 3940 (a.
714 3879 729 3939 ΙΙ
747 3875 784 3927 ul.
800 3877 805 3940 Ι
826 3878 858 3928 38
877 3875 920 3938 [Γ
937 3875 1021 3927 Bcntl.
1040 3875 1077 3925 ed
1094 3891 1119 3925 α.
1127 3890 1156 3939 p.

109 3945 127 3983 v·
140 3937 192 4004 33ἵ;
210 3946 236 4008 Ι]
254 3946 295 3996 Me
310 3944 314 4010 Ι
330 3959 386 3997 rure
404 3945 438 4009 (a)
456 3945 506 3995 rari
524 3946 558 4009 (a)
576 3944 639 3995 raris
658 3945 691 4008 (o)
707 3944 711 4010 Ι
726 3943 758 3995 42
777 3943 843 3995 male
861 3945 895 4008 (a)
