2474 4440
393 119 565 172 CARMlNUM
583 120 603 172 M
621 123 644 173 9.
665 124 704 173 10.

536 290 574 350 tx

142 412 208 472 Non
225 428 344 490 semper
359 410 468 471 imbres
484 408 614 469 nubibus
629 409 760 487 hispidos

144 496 266 556 Manant
280 496 310 555 in
329 484 415 572 agros
430 503 481 553 aut
495 512 575 554 mare
592 492 728 573 Caspium

188 580 303 642 Vexant
318 578 488 657 inaequales
502 579 650 657 procellae

239 665 339 743 Usque
357 683 413 725 nec
428 663 576 724 Armeniis
591 663 620 723 in
639 663 708 735 oris,

145 783 245 843 Amice
260 781 352 860 Valgi,
368 789 425 843 stat
440 782 547 860 glacies
563 783 643 842 iners

144 866 252 927 Mensis
267 884 322 945 per
337 867 434 927 omnis
448 875 499 927 aut
513 866 703 944 aquilonibus

189 950 362 1029 Querqueta
379 950 507 1028 Gargani
522 950 659 1010 laborant

242 1035 281 1095 llt
295 1036 372 1096 loliis
387 1036 544 1096 viduantur
560 1036 641 1094 orni:

147 1153 189 1214 Tu
204 1173 323 1233 semper
338 1172 426 1232 urges
441 1154 587 1214 flebilibus
601 1153 695 1213 modis

146 1238 260 1318 Mysten
277 1239 447 1317 ademptum
464 1258 519 1299 nec
535 1238 587 1299 tibi
603 1238 732 1317 Vespero

188 1326 337 1402 Surgente
352 1323 500 1386 decedunt
514 1342 629 1384 amores

241 1410 303 1470 Nec
320 1409 455 1489 rapidum
471 1409 603 1488 fugiente
619 1408 720 1469 solem.

147 1525 182 1586 At
197 1547 258 1588 non
276 1537 322 1587 ter
338 1545 408 1587 aevo
423 1528 543 1587 functus
560 1525 713 1586 amabilem

148 1610 273 1672 Ploravit
288 1612 386 1672 omnis
401 1611 590 1672 Antilochum
607 1629 697 1671 senex

191 1698 296 1756 Annos
312 1715 368 1757 nec
384 1696 535 1775 impubem
550 1705 688 1774 parentes

242 1781 364 1841 Troilon
382 1791 432 1841 aut
447 1780 589 1860 Phrygiae
605 1798 722 1840 sorores

149 1897 268 1960 Flevere
283 1917 409 1988 semper.
440 1898 549 1960 Desine
565 1896 696 1958 mollium

149 1982 277 2044 Tandem
295 1984 492 2062 querellarum
509 1993 538 2043 et
552 1983 650 2062 potius
667 2001 740 2041 nova

193 2068 352 2128 Cantemus
367 2068 491 2148 Augusti
507 2076 625 2147 tropaea

245 2152 376 2213 Caesaris
392 2163 421 2213 et
435 2152 562 2231 rigidum
578 2152 723 2230 Niphaten

151 2269 326 2348 Medumque
342 2272 454 2331 llumen
472 2270 611 2349 gentibus
625 2269 756 2330 additum

151 2355 237 2415 Victis
252 2356 384 2416 minores
399 2356 516 2416 volvere
531 2355 654 2415 vertices

193 2439 336 2518 Intraque
350 2441 566 2519 praescriptum
583 2439 713 2500 Gelonos

244 2524 366 2603 Exiguis
381 2525 513 2602 equitare
528 2525 648 2602 campis.

483 2674 634 2688 ...-...--

544 2792 571 2851 X

153 2910 270 2973 Rectius
285 2911 372 2984 vives,
388 2910 493 2984 Licini,
509 2929 608 2989 neque
623 2911 714 2970 altum

154 2994 275 3076 Semper
292 2996 424 3075 urgendo
440 3013 547 3072 neque,
564 2997 632 3056 dum
649 2993 794 3074 procellas

155 3079 260 3142 Cautus
276 3081 433 3152 horrescis,
450 3080 572 3139 nimium
589 3078 752 3158 premendo

225 3166 309 3226 Litus
324 3165 469 3244 iniquum.

153 3285 277 3343 Auream
293 3282 425 3361 quisquis
440 3281 671 3342 mediocritatem

153 3365 258 3445 diligit,
274 3377 355 3428 tutus
371 3376 450 3428 caret
465 3365 589 3427 obsoleti

154 3450 293 3513 Sordibus
307 3453 387 3525 tecti,
404 3459 484 3511 caret
498 3450 654 3511 invidenda

227 3537 351 3598 Sobrius
365 3537 440 3598 aula.

97 3655 224 3680 x...

105 3772 140 3832 X
154 3801 175 3838 υ.
194 3789 208 3838 6
226 3785 315 3852 Diligit
333 3791 412 3849 tutus,
430 3784 516 3835 Bentl.
532 3783 536 3851 Ι
552 3783 677 3835 obsoletis
695 3786 732 3848 (o)
