2474 4440
403 215 576 269 CARMlNUlll
592 218 622 270 lll
642 222 679 272 ll.

528 438 566 496 Xl

136 570 272 648 llercuri,
295 589 363 632 nam
386 582 414 632 te
437 572 540 634 docilis
563 573 702 652 magistro

136 653 224 715 Movit
245 657 392 735 Amphion
416 656 526 735 lapides
548 658 691 731 canendo,

137 739 240 818 Tuque
263 741 379 801 testudo
401 760 541 803 resonare
563 751 674 820 septem

223 824 329 886 Callida
352 827 459 899 nervis,

135 943 193 1004 Nec
216 942 323 1022 loquax
346 944 416 1003 olim
442 963 538 1022 neque
561 955 651 1021 grata,
677 961 758 1004 nunc
782 954 811 1004 et
1024 961 1038 1008 5

138 1027 262 1088 Divitum
286 1029 396 1089 mensis
419 1038 448 1088 et
470 1029 561 1088 amica
584 1029 712 1106 templis,

136 1112 323 1185 Diomedes,
348 1113 426 1192 Lyde
450 1113 558 1191 quibus
580 1113 741 1174 obstinatas

222 1197 356 1277 adplicet
377 1199 464 1271 auris,

140 1315 219 1385 Quae
241 1317 322 1377 velut
343 1316 409 1376 latis
431 1335 505 1394 equa
528 1316 613 1376 trima
636 1316 748 1395 campis

136 1401 220 1462 Ludit
242 1402 363 1462 enultim
386 1402 548 1479 metuitque
571 1404 661 1480 tangi,

139 1485 311 1566 Nuptiarum
334 1505 440 1565 expers
463 1496 492 1546 et
514 1486 609 1547 adhuc
630 1495 770 1565 protervo

223 1570 318 1631 Cruda
341 1571 456 1631 marito.

137 1687 182 1747 Tu
203 1698 290 1767 potes
311 1690 397 1767 tigris
419 1688 601 1766 comitesque
623 1688 709 1749 silvas

137 1772 252 1834 Ducere
274 1783 304 1834 et
326 1774 404 1834 rivos
426 1774 538 1834 celeres
560 1773 679 1845 morari,

136 1858 227 1919 Cessit
248 1858 377 1919 inmanis
400 1858 451 1919 tibi
476 1858 637 1919 blandienti

220 1943 334 2004 lanitor
355 1943 437 2003 aulae

136 2059 289 2133 Cerberus,
314 2061 444 2138 quamvis
466 2060 569 2119 furiale
592 2069 713 2119 centnm

135 2144 269 2206 lluniant
291 2163 402 2224 angues
425 2154 514 2223 caput
536 2145 598 2205 eins
620 2155 708 2222 atque

137 2231 263 2309 Spiritus
285 2239 378 2290 taeter
400 2232 558 2307 saniesque
581 2240 680 2289 manet

223 2315 282 2375 Ore
306 2315 452 2394 trilingui3

136 2433 212 2503 Quin
237 2444 267 2493 et
288 2433 371 2494 lnion
395 2433 554 2513 Tityosque
576 2432 656 2492 voltu

136 2517 209 2578 Risit
231 2517 334 2591 invito,
357 2518 438 2578 stetit
461 2537 535 2578 urna
559 2517 677 2595 paulum

135 2602 226 2671 Sicca,
251 2603 319 2662 dum
343 2612 425 2681 grato
448 2602 539 2662 Danai
563 2602 675 2680 puellas

221 2687 357 2748 Carmine
379 2688 500 2749 mulces.
523 2723 564 2733 -

134 2807 239 2867 Audiat
262 2806 340 2885 Lyde
363 2807 458 2867 scelus
480 2817 568 2884 atquc
593 2814 676 2865 notas

135 2889 287 2968 Virginum
310 2910 422 2969 poenas
444 2900 473 2951 et
493 2892 583 2951 inane
605 2890 741 2969 lymphae

134 2973 249 3036 Dolium
273 2976 365 3035 fundo
388 2977 541 3055 pereuntis
563 2976 621 3035 imo

224 3061 354 3138 Seraque
375 3061 442 3132 lata,

136 3178 215 3248 Quae
239 3187 360 3238 manent
382 3179 483 3256 culpas
505 3177 591 3237 etiam
614 3174 669 3237 sub
695 3176 788 3235 Orco:

135 3261 241 3341 lmpiae
264 3295 277 3306 -
294 3281 361 3322 nam
385 3263 455 3341 quid
479 3273 603 3340 potuere
626 3257 738 3321 maius?
755 3293 768 3303 -

136 3346 243 3427 lmpiae
264 3366 390 3425 sponsos
412 3357 536 3427 potuere
558 3347 632 3407 duro

223 3431 349 3492 Perdere
373 3432 462 3491 lerro.

89 3554 207 3575 k

100 3670 125 3724 lll
136 3694 155 3729 υ.
167 3681 287 3743 [ll—20]
299 3679 434 3743 ΗΙιΜΑΚΙ
452 3683 482 3733 18
495 3680 645 3746 siduntque,
664 3681 743 3746 quad,
760 3682 785 3729 si
802 3682 950 3730 mutatione
968 3680 1076 3729 omnino

106 3751 149 3810 est,
173 3749 293 3798 maxima
315 3750 383 3798 milti
402 3750 535 3813 placeret,
568 3749 631 3797 olim
659 3766 675 3798 a
701 3752 910 3809 mareventum,
937 3748 1077 3811 occupauit

90 3819 142 3862 eruo
157 3820 189 3876 (o.
209 3818 299 3879 dani),
325 3820 380 3865 tarn
404 3817 539 3867 Housman
558 3816 654 3881 jour-a.
678 3814 713 3874 of
729 3818 794 3880 phil.
820 3815 842 3865 X
867 3818 899 3866 20
922 3831 950 3880 p.
971 3816 1075 3880 tsesq„
1178 3878 1183 3883 ,

93 3876 132 3928 alii
148 3901 163 3933 a
179 3884 387 3947 Dilleaburgero
406 3888 432 3932 et
449 3883 647 3943 Hirschfelder-o
667 3885 750 3934 allata
766 3885 770 3951 l
786 3885 907 3945 [25-52]
925 3884 955 3933 lt*
