2474 4440
406 243 636 297 Epistularum
654 243 673 295 ll
694 249 716 296 1.
735 246 758 297 2.
1056 240 1117 299 219

133 420 167 481 Et
188 418 373 480 formidatam
397 418 512 478 Parthis
534 425 563 476 te
587 417 721 497 principe
744 416 878 483 Romam,

132 505 159 566 Si
182 514 327 583 quantum
350 521 488 582 cuperem
512 521 629 581 possem
654 521 789 582 qucque;
811 502 862 562 sed
880 521 976 579 neque
996 521 1116 582 parvum

132 591 253 651 Carmen
279 589 414 649 maiestas
437 588 541 667 recipit
563 598 612 647 tua
637 607 692 648 nec
715 606 798 647 meus
822 588 910 648 audet

131 676 201 736 Rem
225 684 369 753 temptare
392 674 498 752 pudor,
522 691 609 750 quam
633 674 708 733 vires
731 675 809 732 ferre
830 683 979 733 recusent.

130 761 275 821 Sedulitas
294 766 395 818 autem
418 758 506 819 stulte
529 776 616 836 quem
639 757 733 837 diligit
754 769 849 835 urget,
1076 768 1120 819 itu

129 846 290 925 Praecipue
314 863 379 904 cum
403 861 435 903 se
458 844 590 904 numeris
613 843 800 903 commendat
822 853 851 903 et
874 852 952 916 arte3

129 931 221 992 Discit
243 930 322 991 enim
346 929 432 988 citius
455 928 646 1006 meminitque
670 927 810 988 libentius
831 928 913 997 illud,

129 1016 216 1087 Quod
240 1016 306 1094 quis
328 1014 450 1084 deridet,
473 1031 559 1090 quam
583 1013 662 1091 quud
686 1013 793 1092 probat
814 1023 844 1075 et
865 1021 1033 1073 veneratur.

128 1101 176 1162 Nil
198 1118 300 1160 moror
322 1099 462 1171 officium,
486 1098 565 1176 quud
588 1116 635 1159 me
657 1109 757 1177 gravat
779 1117 812 1159 ac
836 1117 933 1176 neque
956 1099 1025 1158 ficto

130 1185 163 1246 ln
187 1186 272 1270 peius
292 1184 371 1244 voltu
394 1185 523 1263 proponi
546 1202 650 1244 cereus
672 1201 796 1262 usquam
1075 1193 1118 1243 161

130 1272 190 1333 Nec
211 1288 301 1350 prave
323 1269 407 1329 factis
429 1269 562 1330 decorari
584 1269 718 1329 versibus
740 1279 822 1348 opto,

131 1357 173 1416 Ne
196 1355 318 1417 rubeam
342 1354 445 1433 pingui
469 1354 596 1414 donatus
619 1372 743 1414 munere
766 1365 794 1414 et
817 1373 874 1413 una

133 1440 203 1502 Cum
227 1440 371 1520 scriptore
394 1458 459 1499 mec
484 1457 569 1519 capsa
592 1451 748 1517 porrectus
771 1449 872 1518 operta

134 1526 253 1587 Delerar
277 1526 306 1584 in
331 1525 426 1584 vicum
450 1526 626 1585 vendentem
649 1535 696 1585 tus
719 1535 748 1583 et
771 1526 877 1584 adores

134 1611 168 1671 Et
190 1611 275 1690 piper
298 1619 327 1670 et
349 1610 491 1687 quidquid
515 1610 623 1670 chartis
646 1609 781 1669 amicitur
803 1609 921 1688 ineptis.
1076 1619 1118 1668 atu

565 1933 591 1993 ll

133 2050 227 2124 Flore,
251 2053 332 2113 bono
355 2052 493 2130 claroque
517 2051 609 2112 tidelis
632 2052 724 2113 amice
747 2051 867 2119 Neroni,

132 2136 229 2216 Siquis
251 2139 327 2198 forte
348 2137 417 2197 velit
439 2156 564 2217 puerum
587 2137 639 2197 tibi
662 2137 788 2197 vendere
811 2147 912 2196 natum

131 2219 241 2283 Tibure
263 2223 309 2283 vel
332 2222 440 2293 Gabiis,
464 2233 493 2282 et
515 2233 614 2282 tecum
638 2223 679 2283 sic
703 2231 768 2302 agat
787 2217 855 2282 ‘llic
879 2232 908 2282 et

133 2306 281 2369 Candidus
304 2308 429 2368 ettalus
452 2326 467 2366 a
490 2309 598 2368 vertice
621 2308 745 2387 pulcher
767 2308 801 2368 ad
824 2309 898 2368 imcs

130 2390 196 2454 Fiet
219 2394 333 2470 eritque
355 2402 424 2453 tuus
448 2411 637 2453 nummorum
661 2392 779 2453 milibus
803 2403 878 2464 octo,

129 2476 227 2539 Verna
252 2478 421 2538 ministeriis
445 2479 478 2537 ad
502 2488 593 2538 nutus
615 2487 701 2556 aptus
724 2478 812 2549 erilis,

128 2561 283 2624 Litterulis
306 2562 424 2623 Graecis
446 2563 585 2633 imbutus
608 2563 733 2622 idoneus
756 2563 809 2621 arti

128 2647 267 2719 Cuilibet,
290 2648 389 2727 argilla
413 2649 526 2727 quidvis
549 2647 708 2708 imitaberis
730 2646 804 2719 uda;

127 2735 209 2804 Quin
234 2733 320 2794 etiam
344 2744 430 2793 canet
452 2735 613 2805 indoctum,
635 2732 686 2793 sed
709 2731 793 2792 dulce
817 2731 940 2793 bibenti.

128 2819 220 2880 Multa
245 2819 331 2878 fidem
355 2819 499 2897 promissa
522 2819 628 2889 levant,
650 2817 701 2877 ubi
725 2817 841 2896 plenius
863 2835 957 2895 aequo
1093 2827 1121 2877 td

129 2905 244 2964 Laudat
265 2903 375 2964 venalis
399 2904 448 2982 qui
471 2905 531 2964 volt
553 2904 709 2964 extrudere
731 2903 847 2964 mercis.

129 2989 189 3049 Res
211 2997 297 3068 urget
319 3006 366 3048 me
390 2988 485 3048 nulla:
509 3008 575 3049 meo
597 3008 661 3049 sum
686 3006 798 3066 pauper
819 2989 849 3047 in
873 3005 949 3047 aere.

131 3075 224 3134 Nemo
247 3074 304 3134 hoc
326 3092 509 3152 mangonum
532 3076 642 3134 faceret
664 3073 734 3147 tibi;
759 3092 820 3133 non
843 3082 953 3132 temere
976 3090 990 3130 a
1015 3090 1061 3133 me

132 3159 234 3229 Quivis
256 3160 348 3218 ferret
370 3159 456 3219 idem.
502 3159 599 3221 Semel
621 3159 669 3218 hic
692 3158 814 3218 cessavit
835 3167 873 3224 et,
897 3168 928 3217 ut
951 3158 991 3225 fit,

131 3244 163 3303 ln
189 3242 274 3305 scalis
296 3243 380 3303 latuit
402 3254 537 3304 metuens
559 3243 718 3323 pendentis
740 3242 886 3316 habenae3
1093 3253 1120 3302 15

132 3330 188 3389 Des
212 3346 359 3401 nummos,
383 3339 502 3409 excepta
527 3329 600 3389 nihil
622 3339 651 3389 te
675 3329 698 3388 si
722 3329 788 3406 luga
811 3318 917 3398 laedit',

130 3414 181 3475 llle
204 3415 279 3473 terat
301 3414 428 3493 pretium
452 3433 565 3494 poenae
588 3432 711 3474 securus
735 3414 850 3491 opinor.

67 3548 253 3578 N.—

67 3720 79 3749 .
96 3725 100 3789 i
119 3665 140 3786 8l
151 3667 356 3801 dpeddodsttum
370 3680 445 3733 quem
459 3664 551 3732 diligit,
564 3671 590 3715 et
602 3667 688 3727 stulte,
707 3680 783 3732 quem
797 3664 888 3730 diligit,
901 3664 936 3715 al.
954 3663 957 3728 l
975 3665 1023 3716 262
1038 3662 1120 3714 discet

132 3802 151 3852 ll
170 3820 193 3854 u.
212 3805 227 3855 8
245 3801 396 3865 imitaberis]
410 3826 442 3845 =
456 3803 503 3852 B⁰:
527 3802 668 3852 imitabitur
685 3802 720 3863 (a)
739 3800 895 3851 imitabimur
911 3802 946 3861 (υ)
962 3801 966 3864 Ι
984 3803 1013 3853 11
1035 3798 1120 3851 exclu-

67 3865 106 3913 are
126 3873 168 3934 (ε
185 3871 236 3933 130)
269 3871 272 3933 Ι
308 3873 338 3921 15
356 3887 392 3936 sq.
412 3864 542 3921 habenae?
562 3868 737 3922 des..laedit
755 3871 785 3929 la.
804 3867 905 3931 laedat),
923 3870 977 3931 (aa)
995 3868 1039 3918 ille
1058 3865 1117 3934 adl

67 3922 80 3972 Β
99 3932 188 4002 laedit]
207 3939 243 3990 B⁰
261 3940 308 4002 (υ);
329 3938 413 3990 laedat
428 3937 432 4005 Ι
450 3941 479 3990 17
499 3952 617 3989 securus:
639 3937 736 4003 opinor,
755 3937 790 3987 al.
