2474 4440
211 243 251 301 86
609 243 779 295 ClellNUbl
798 245 831 296 lV
849 249 873 298 4.

267 428 296 477 25
340 417 475 490 Sensere‚
499 415 567 494 quid
591 434 676 475 mens
697 417 762 488 rite,
787 417 856 493 quid
879 418 995 481 indoles

337 502 451 562 Nutrita
474 501 576 562 laustis
598 501 652 560 sub
674 501 875 579 penetralibus

383 588 496 657 Posset,
520 586 591 664 quid
613 586 735 663 Augusti
758 593 899 664 paternus

435 671 468 731 ln
492 689 601 750 pueros
624 671 739 731 animus
762 670 904 733 Nerones.
928 707 969 715 —

339 789 442 850 Fortes
465 799 603 849 creantur
624 789 751 850 fortibus
774 790 932 851 elbonis:

267 885 296 934 30
339 873 391 934 Est
413 875 442 936 in
467 875 606 947 iuvencis,
630 875 725 934 estin
749 875 832 952 equis
854 885 971 955 patrum

385 959 492 1032 Virtus,
517 978 613 1036 neque
637 959 774 1018 inbellem
799 961 914 1021 seroces

435 1045 639 1121 Progenerant
661 1044 775 1121 aquilae
798 1045 980 1116 columbam

340 1163 479 1223 Doctrina
502 1161 551 1221 sed
575 1162 632 1221 vim
655 1170 810 1241 promovet
832 1163 949 1224 insitam

342 1247 483 1325 Rectique
507 1247 603 1306 cultus
625 1255 746 1324 pectora
769 1247 927 1308 roborant:

272 1341 300 1390 35
386 1332 550 1409 Utcumque
573 1331 707 1392 defecere
730 1350 839 1406 mores,

438 1417 623 1477 Dedecoranl
646 1415 723 1476 bene
747 1427 814 1477 nata
838 1417 951 1496 culpae.
975 1455 1018 1464 -

341 1534 417 1604 Quid
440 1535 556 1604 debeas,
580 1554 596 1594 o
620 1535 721 1608 Roma,
744 1535 921 1607 Neronibus,

340 1619 433 1680 Testis
455 1620 621 1680 Metaurum
644 1619 753 1679 llumeu
779 1629 805 1679 et
829 1619 993 1681 Hasdrubal

387 1704 524 1765 Devictus
547 1713 576 1764 et
597 1704 721 1783 pulcher
743 1703 849 1781 iugatis

267 1797 296 1846 lo
437 1790 487 1849 llle
511 1789 572 1850 dies
595 1788 677 1849 Latio
700 1788 840 1861 tenebris,

339 1905 396 1975 Qui
418 1908 531 1987 primus
554 1907 627 1966 alma
651 1907 715 1967 risit
736 1907 852 1976 adorea,

339 1991 428 2052 Dirus
450 2009 505 2070 per
527 1992 609 2052 urbis
632 1992 701 2051 Aler
723 2000 755 2050 ut
778 1991 863 2050 ltalas

378 2075 446 2136 'Ceu
469 2078 584 2136 llamma
607 2094 662 2156 per
685 2075 781 2135 taedas
804 2075 848 2135 vel
871 2075 969 2137 Eurus

435 2162 493 2221 Per
516 2161 628 2222 Siculas
651 2160 791 2238 equitavit
811 2161 914 2221 undas.

271 2289 299 2336 lo
344 2279 414 2339 Post
435 2280 491 2340 boe
514 2279 652 2340 secundis
674 2296 768 2356 usque
791 2278 943 2340 laboribus

339 2363 472 2424 Romana
495 2364 590 2442 pubes
612 2364 702 2423 crevit
725 2372 753 2423 et
775 2364 867 2443 impio

385 2449 499 2510 Vastata
522 2450 691 2509 Poenorum
715 2448 842 2509 tumultu

435 2534 513 2594 Faue
536 2535 606 2595 deos
628 2533 757 2593 habuere
780 2543 887 2607 rectos,

338 2651 474 2731 Dixitque
497 2653 613 2712 tandem
638 2651 769 2728 pertidus
792 2651 955 2712 llannibal:

267 2744 296 2793 50
336 2728 442 2810 ‘Cervi
467 2738 604 2816 luporum
628 2739 736 2815 praeda
759 2738 918 2815 rapacium,

384 2823 537 2883 Sectamur
560 2823 649 2893 ultro,
675 2840 748 2898 quos
772 2821 888 2899 opimus

434 2908 547 2967 Fallere
572 2918 600 2967 et
624 2907 754 2983 ellugere
778 2915 822 2965 est
843 2907 1021 2987 triumphus.

340 3026 427 3101 Gens,
452 3044 526 3103 quae
549 3033 678 3085 cremato
701 3025 785 3084 sortis
809 3023 845 3082 ab
868 3024 920 3083 llio

339 3109 446 3171 lactata
468 3111 571 3172 Tuscis
594 3110 772 3188 aequoribus
795 3127 878 3169 sacra

268 3205 296 3254 ab
382 3196 532 3272 Natosque
555 3205 746 3271 maturosque
769 3202 867 3272 patres

435 3280 557 3341 Pertulit
579 3280 725 3341 Ausonias
748 3280 783 3338 ad
807 3277 904 3349 urbes,

337 3397 424 3458 Duris
446 3409 478 3458 ut
502 3399 557 3458 ilex
579 3408 664 3459 tonsa
688 3397 867 3476 bipennibus

337 3481 443 3560 Nigrae
466 3485 554 3544 feraci
577 3484 690 3544 frondis
713 3484 742 3542 in
768 3482 880 3561 Algido,

385 3568 580 3642 perdamne,
604 3586 658 3647 per
681 3568 793 3641 caedes,
818 3568 853 3627 ab
877 3569 941 3646 ipso

265 3661 293 3710 60
437 3654 523 3714 Ducit
547 3672 619 3732 opes
641 3654 832 3730 animumque
854 3654 943 3713 lerro.

295 3869 328 3922 lV
346 3889 370 3922 υ.
389 3872 422 3922 36
442 3868 590 3920 indecorant
605 3874 608 3934 l
625 3872 658 3921 42
671 3869 748 3922 durus
760 3872 795 3936 (a)
811 3868 815 3937 Ι
831 3872 872 3934 [45
883 3869 984 3933 -72]b*
1008 3870 1012 3937 Ι
1034 3869 1065 3919 53
1079 3857 1196 3918 crematal

108 3908 326 4168 Nannenus
345 3940 361 3992 l.
380 3939 417 3990 ud
434 3954 455 3991 c.
473 3937 482 3987 l
503 3941 541 4002 lb,
563 3941 594 3989 ll
613 3938 629 3989 l.
