2474 4440
505 253 680 306 truttmunt
697 255 730 307 tv
749 260 771 310 2.
791 261 815 310 3.

253 422 358 483 Civitas
381 424 476 484 omnis
499 423 691 504 dabimusque
713 426 785 489 divis
827 424 832 431 ’

329 507 406 567 Tura
429 508 575 586 benignis,
598 545 639 553 —

253 623 295 683 Te
317 625 419 686 decem
442 627 518 687 tauri
539 628 721 707 totidemque
743 649 856 706 vaceae,

254 708 301 768 Me
323 721 408 770 tener
432 711 523 771 solvet
545 712 662 786 vitulus,
686 715 786 776 relicta

186 804 214 851 55
257 793 349 854 Matre
372 796 422 873 qui
444 795 532 874 largis
553 797 715 859 iuvenescit
736 799 836 861 herbis

330 878 364 939 ln
388 899 452 940 mea
474 891 549 953 vote,

256 996 367 1057 Fronte
391 1009 524 1058 curvatos
547 999 676 1061 imitatus
699 1002 774 1080 ignis

257 1081 389 1142 Tertium
411 1083 513 1142 Lunae
535 1087 692 1147 referentis
715 1099 822 1161 ortum,

256 1165 321 1235 Qua
344 1176 443 1226 notam
466 1168 548 1228 duxit
572 1171 673 1232 niveus
695 1170 795 1246 rideri,

183 1258 212 1306 60
333 1251 435 1312 Cetera
458 1253 562 1316 fulvus.

650 1608 689 1668 III

258 1725 352 1794 Quem
375 1737 417 1797 to,
440 1725 637 1804 Melpomene,
660 1729 750 1789 semel

305 1810 479 1870 Nascentem
503 1811 617 1890 placido
640 1812 751 1873 lumine
773 1813 889 1889 videris,

259 1892 344 1952 llium
368 1914 429 1954 non
452 1894 535 1955 labor
557 1895 696 1958 Isthmius

306 1977 433 2038 Clarabit
455 1981 593 2058 pugilem,
618 2001 679 2041 non
703 2000 797 2060 equus
820 1983 955 2064 impiger.

202 2073 216 2120 5
260 2062 355 2124 Curru
380 2065 468 2124 ducet
491 2065 618 2126 Achaico

305 2148 464 2220 Victorem,
489 2169 585 2227 neque
607 2169 655 2211 res
678 2151 782 2211 heilica
805 2152 897 2214 Deliis

261 2231 406 2293 Ornatum
429 2233 505 2294 foliis
528 2235 643 2308 duoem,

306 2319 393 2388 Quod
416 2337 520 2396 regum
544 2320 668 2380 tumidas
692 2321 861 2383 contuderit
881 2322 987 2396 minas,

259 2398 403 2463 Ostendet
426 2403 578 2481 Capitolio,

188 2491 217 2540 10
302 2488 359 2546 Sed
383 2504 457 2564 quae
480 2488 573 2548 Tibur
595 2507 687 2567 aquae
709 2490 804 2551 fertile
826 2491 998 2569 praefluunt

260 2567 298 2629 Et
319 2572 429 2650 spissae
453 2592 608 2633 nemorum
632 2592 732 2634 comae

307 2655 437 2734 Fingent
458 2658 560 2718 Aeolio
584 2659 714 2718 carmine
737 2659 877 2720 nobilem.
901 2695 943 2704 -

260 2737 370 2802 Romae
394 2742 536 2821 principis
560 2744 676 2804 urbium

308 2827 454 2906 Dignatur
475 2828 595 2888 suboles
620 2829 698 2888 inter
720 2826 852 2888 amabilis

91 2985 94 2989 ⁸
191 2919 218 2968 15
262 2910 366 2973 Vatum
389 2931 501 2992 ponere
524 2932 570 2973 me
594 2914 709 2986 choros,

308 2996 346 3057 Et
367 2999 425 3058 iam
448 2997 538 3058 dente
559 2998 658 3058 minus
681 2997 819 3057 mordeor
842 2996 949 3056 invido.

263 3079 287 3139 0
310 3082 468 3143 testudinis
490 3101 595 3143 aureae
1109 3151 1110 3154 Ἴ

308 3168 430 3229 Duloem
454 3186 529 3246 quae
552 3167 717 3247 strepitum,
741 3165 829 3238 Pieri,
854 3175 1011 3244 temperas,

264 3250 287 3310 0
311 3254 399 3313 mutis
422 3272 541 3332 quoque
564 3251 695 3332 piscibus

191 3345 219 3394 tu
305 3338 456 3398 Donatura
479 3338 574 3418 cycni,
597 3337 620 3398 si
644 3335 741 3410 libeat,
764 3353 882 3408 sonum,

136 3592 177 3642 ed.
196 3593 291 3657 Perplr.
311 3608 336 3642 a.
359 3594 424 3644 1498
449 3593 587 3655 (Insertum
609 3588 667 3638 seit.
687 3588 773 3636 tribus
791 3586 856 3640 Her.
881 3601 940 3651 epp.
965 3585 1129 3637 editionibus

136 3663 203 3711 anni
222 3659 344 3723 Venetr‘s,·
370 3665 451 3724 atque
475 3661 514 3709 ste
533 3661 603 3708 certe
623 3657 676 3719 lega¹
693 3656 723 3703 in
746 3654 786 3704 ed,
804 3659 861 3704 stne
880 3655 1047 3720 typographi
1064 3670 1130 3706 nome

136 3728 203 3780 XIII
219 3744 253 3780 ru.
267 3729 321 3781 Iul.
339 3731 460 3793 signata,
478 3727 598 3792 reliques
618 3724 686 3773 duur
703 3724 834 3787 inspicere
851 3737 906 3772 raon
923 3724 1011 3785 potui)
1028 3725 1032 3782 Ι
1048 3726 1082 3775 49
1100 3739 1129 3790 pr

137 3801 173 3862 (a)
190 3797 313 3862 procedes
333 3800 367 3863 (v)
384 3797 388 3862 Ι
405 3800 437 3849 54
455 3796 534 3848 soluit
552 3796 588 3859 (u)
604 3792 607 3857 Ι
625 3793 657 3843 58
677 3791 764 3841 orbem
782 3793 817 3855 (a)
832 3792 836 3854 Ι
853 3793 884 3842 59
906 3789 983 3840 traxit
1000 3792 1036 3853 (v)
1057 3862 1062 3872 Ι

221 3865 251 3915 llI
269 3882 291 3917 u.
311 3868 325 3918 2
345 3866 449 3917 numine
473 3866 478 3929 Ι
504 3868 639 3916 teretem
658 3859 847 3909 Anekensenus
871 3861 934 3908 teste
951 3856 1108 3910 EeItstemte

137 3932 231 3983 Horat.
249 3933 324 4000 Lipe.
345 3936 410 3987 1869
425 3950 454 4000 p.
474 3934 520 3994 383
539 3929 704 3981 necaturus
723 3929 834 3977 contest.
853 3943 878 3978 α.
898 3925 963 3978 1878
980 3942 1008 3992 p.
1029 3929 1107 3994 toeq.
