2474 4440
506 250 678 304 chramnum
697 253 705 304 l
724 255 747 305 8.
766 257 790 306 9.

238 422 375 495 Perdere,
392 442 446 484 cur
460 424 592 502 apricum

285 508 388 569 Oderit
403 527 549 587 campum,
564 507 680 585 patiens
695 508 824 586 pulveris
839 517 927 588 atque
941 509 1021 585 solis,

179 605 194 654 5
237 593 297 654 Cur
314 611 411 671 neque
427 592 558 652 militaris
711 644 714 648 .

283 677 364 738 lnter
379 676 506 756 aequalis
522 676 642 755 equitet,
659 676 767 737 Gallica
783 695 840 737 nec
855 677 963 756 lupatis

245 762 406 840 Temperet
421 780 472 822 ora
488 761 589 821 irenis.

283 845 342 907 Cur
356 847 440 906 timet
456 845 559 905 ssavum
577 845 706 906 Tiberim
722 843 868 924 tangere?
883 864 938 906 cur
953 845 1065 908 olivum

239 931 390 1009 Sanguine
406 930 540 1008 viperino

171 1023 199 1075 lo
285 1015 404 1076 Cautius
420 1015 490 1075 vitat
506 1032 602 1092 neque
618 1015 673 1074 iam
691 1015 774 1075 livida
791 1022 885 1092 gestat
899 1015 989 1076 armis

239 1099 389 1173 Bracchia,
406 1117 494 1177 saepe
509 1099 600 1171 disco,

284 1183 379 1262 Saepe
395 1191 477 1244 trans
491 1183 581 1242 finem
597 1182 692 1243 iaculo
710 1181 817 1243 nobilis
832 1181 991 1263 expedito?

240 1267 317 1338 Quid
336 1268 414 1342 latet,
432 1276 463 1328 ut
479 1267 609 1327 marinae

285 1350 389 1411 Filium
406 1352 508 1412 dicunt
524 1351 655 1412 Thetidis
669 1350 724 1411 sub
741 1351 893 1412 lacrimosa
909 1351 1014 1412 Troiae

165 1444 192 1494 15
237 1434 362 1509 Funera,
380 1457 417 1498 ne
433 1437 523 1497 virilis

68 1516 70 1520 '
285 1521 387 1582 Cultus
402 1522 432 1582 in
450 1522 567 1583 caedem
584 1529 614 1580 et
629 1519 734 1599 Lycias
750 1520 917 1600 proriperet
932 1519 1089 1582 catervas?

631 1704 669 1763 lll

240 1805 326 1866 Vides
342 1815 373 1865 ut
390 1804 447 1864 alta
461 1812 518 1865 stet
533 1804 599 1865 nire
616 1805 771 1865 candidum

240 1890 360 1950 Soracte
378 1907 432 1949 nec
448 1888 505 1948 iam
521 1889 685 1949 sustineant
701 1907 777 1950 onus

286 1973 380 2034 Silvae
395 1972 565 2034 laborantes
580 1973 707 2052 geluque

327 2057 462 2118 Flumina
479 2058 667 2118 constiterint
681 2066 776 2119 acuto.

183 2187 197 2235 t
241 2174 372 2236 Dissolve
387 2175 481 2253 frigus
495 2175 575 2253 ligna
591 2194 682 2254 super
696 2176 762 2236 loeo

239 2260 333 2338 Largo
349 2277 499 2338 reponens
514 2268 601 2339 atque
617 2258 776 2338 benignius

287 2344 433 2422 Deprome
449 2344 634 2421 quadrimum
652 2344 769 2416 Sabina,

327 2429 351 2489 0
368 2428 550 2503 Thaliarche,
567 2446 680 2490 merum
696 2429 784 2489 diota.

144 2601 146 2605 ,
244 2547 382 2607 Permitte
399 2546 470 2606 divis
486 2555 598 2620 cetera3
614 2547 665 2624 qui
680 2546 768 2607 simul

170 2641 197 2690 ιο
241 2631 375 2692 Strarere
390 2638 494 2691 ventos
509 2649 637 2709 aequore
654 2629 764 2690 lerrido

286 2715 509 2794 Deproeliantis,
526 2733 582 2776 nee
598 2715 732 2793 cupressi

328 2800 389 2860 Neo
404 2807 518 2860 veteres
533 2800 682 2878 agitentur
697 2799 773 2859 orni.
790 2833 831 2843 -

245 2915 320 2985 Quid
336 2917 374 2976 sit
388 2918 519 2977 futurum
537 2935 610 2988 cras,
626 2918 694 2994 suge
710 2933 852 2992 quaerere
867 2924 896 2976 et
925 2932 927 2935 ·

240 2999 334 3070 Quem
351 3001 412 3062 iors
427 3001 540 3062 dierum
556 3017 683 3077 cumque
698 2999 779 3059 dabit
793 2999 875 3060 lucro

172 3093 199 3143 15
286 3084 410 3164 Adpone
426 3104 482 3145 nec
499 3084 593 3144 dulcis
608 3100 723 3144 amores

330 3169 444 3248 Sperne
459 3189 536 3248 puer
551 3187 649 3248 neque
663 3176 695 3229 tu
713 3167 846 3241 choreas,

243 3286 343 3347 lionec
357 3287 462 3348 virenti
479 3288 602 3348 canities
618 3287 700 3348 abest

240 3370 367 3432 hlorosa.
398 3372 485 3432 Nunc
500 3380 529 3432 et
545 3390 665 3451 campus
681 3380 711 3432 et
725 3389 810 3431 areae

288 3455 443 3535 Lenesque
458 3455 513 3516 sub
530 3466 647 3517 noctem
664 3456 777 3518 susurri

169 3549 197 3599 20
330 3541 497 3620 Composita
513 3550 687 3620 repetantur
701 3541 784 3613 bora,

197 3671 250 3723 Vlll
273 3689 296 3725 υ.
319 3676 336 3725 4
354 3673 418 3738 im(s.
437 3673 574 3738 impatiens
591 3673 677 3724 Bentl.
696 3689 735 3737 ep.
754 3671 837 3722 adde
857 3669 972 3722 Vettium
993 3674 1055 3718 ante
1075 3686 1101 3721 a.
1125 3671 1175 3724 171

112 3743 265 3804 conscripta
283 3757 307 3792 υ.
323 3757 389 3792 mus.
404 3741 472 3805 phil.
491 3742 514 3804 8,
535 3744 629 3804 llsq.;
647 3741 704 3790 H·P
719 3754 835 3804 quosque
853 3735 936 3804 offert
954 3733 990 3795 ef,
1008 3732 1024 3786 l
1042 3752 1106 3788 ann.
1123 3742 1175 3804 phi

114 3811 155 3871 et,
175 3810 271 3873 etseq.
292 3808 297 3875 l
318 3811 333 3860 6
350 3809 449 3874 equitat
467 3808 502 3873 (o)
517 3807 522 3875 l
539 3812 552 3859 7
572 3812 698 3872 temperet
717 3807 771 3872 (vll
799 3807 830 3858 13
850 3803 932 3864 Quid?
960 3804 993 3858 F.
1006 3804 1175 3859 Currobman

112 3877 264 3927 Horatiana
281 3892 307 3942 p.
326 3877 405 3940 lheq.
806 3924 809 3930 ,

197 3941 231 3993 lll
248 3959 272 3996 o.
293 3945 323 3995 16
342 3957 422 4007 ,puer,
440 3941 500 3993 edd.
518 3941 661 4007 pleraeque
