2474 4440
518 299 708 353 sartandum
726 301 736 352 1
756 306 777 354 1.

194 473 336 534 Sordidus
358 493 392 534 ac
414 474 501 545 dives,
524 472 625 552 populi
648 483 841 533 contemnere
864 491 952 534 voces

194 559 242 620 Sic
264 559 382 620 solitus:
403 551 544 637 ‘populus
565 576 612 617 mc
635 556 740 632 sibilat,
762 566 791 618 at
813 558 884 619 mihi
907 559 1015 638 plaudo

193 644 259 722 lpse
282 643 371 716 domi,
394 644 536 704 simulac
559 660 696 703 nummos
718 643 904 723 contemplor
926 643 956 706 in
981 639 1063 706 arca?

194 728 334 789 Tantalus
356 747 371 788 a
394 728 483 789 labris
505 728 607 788 sitiens
629 727 770 804 fugientia
792 737 890 808 captat

195 813 339 874 Flumina.
385 812 461 883 Quid
485 810 585 872 rides?
608 822 719 872 mutato
743 813 863 874 nomine
886 813 923 874 de
945 822 975 874 te

193 898 302 960 Fabula
328 908 475 958 narratur:
499 897 648 975 congestis
670 898 801 975 undique
822 898 915 959 saccis

194 984 342 1044 indormis
364 983 481 1043 inhians
505 994 533 1043 et
555 993 703 1060 tamquam
725 999 846 1062 parcere
870 983 961 1044 sacris

195 1069 315 1147 Cogeris
337 1076 387 1128 aut
409 1068 496 1146 pictis
518 1077 666 1146 tamquam
689 1068 816 1144 gaudere
839 1068 963 1130 tabellis.

194 1155 297 1215 Nescis
320 1172 378 1232 quo
401 1153 494 1213 valeat
516 1149 676 1213 nummus?
699 1171 786 1230 quem
809 1152 949 1232 praebeat
971 1152 1080 1216 usum?

194 1239 282 1299 Panis
306 1248 428 1310 ematur,
451 1239 546 1310 holus,
570 1238 628 1298 vini
650 1238 803 1309 sextarius,
825 1238 899 1298 adde

195 1323 269 1394 Quis
290 1324 418 1383 hnmana
441 1323 496 1384 sibi
519 1323 617 1382 doleat
639 1330 743 1383 natura
767 1324 889 1399 negatis.

196 1413 241 1468 dn
265 1408 383 1486 vigilare
406 1417 486 1468 metu
509 1408 681 1480 exanimem,
706 1416 867 1485 noctesque
889 1407 1012 1486 diesque

196 1492 368 1554 Formidare
390 1493 483 1553 malos
505 1494 596 1565 fures,
620 1492 766 1565 incendia,
789 1511 898 1566 servos,

196 1579 239 1638 Ne
261 1587 291 1639 tc
313 1578 476 1658 compilent
498 1577 655 1656 fugientes,
677 1578 735 1637 hoc
757 1576 856 1637 iuvat?
879 1578 988 1637 horum

197 1664 320 1742 Semper
342 1683 396 1742 ego
420 1663 545 1742 optarim
569 1663 775 1741 pauperrimus
798 1681 861 1723 esse
882 1663 1044 1723 bonorum.

196 1753 233 1808 At
255 1750 279 1810 si
303 1749 455 1809 condoluit
477 1756 651 1826 temptatum
675 1748 786 1825 frigore
808 1765 917 1826 corpus

198 1838 255 1892 Aut
277 1834 350 1894 alius
374 1853 458 1894 casus
481 1834 557 1893 lecto
580 1843 610 1894 te
632 1833 750 1905 adflixit,
773 1831 863 1892 habes
886 1832 937 1910 qui

103 1936 105 1940 ’
197 1917 343 1989 Adsideat,
367 1920 497 1979 fomenta
519 1926 612 1997 paret,
635 1917 780 1978 medicum
802 1925 896 1994 roget,
919 1925 1004 1978 utto

198 2003 326 2064 Suscitct
349 2022 381 2063 ac
404 2003 505 2063 reddat
527 2003 623 2081 gnatis
645 2003 779 2081 carisque
801 2001 1000 2081 propinquis?

197 2088 263 2148 Non
287 2107 362 2149 uxor
384 2088 493 2148 salvum
517 2095 546 2148 te
568 2089 636 2158 voit,
660 2107 720 2147 non
744 2087 830 2160 iilius,
854 2106 957 2148 omnes

199 2173 292 2233 Vicini
316 2175 453 2245 oderunt,
477 2173 549 2246 noti,
572 2173 656 2251 pueri
679 2180 767 2250 atque
789 2172 919 2251 puellae:

199 2257 321 2331 Miraris,
344 2276 411 2318 cum
434 2269 466 2318 tu
489 2266 610 2337 argento
633 2266 700 2337 post
723 2256 821 2316 omnia
844 2274 948 2336 ponas,

198 2344 228 2403 Si
252 2361 340 2403 nemo
363 2351 500 2422 praestet,
524 2361 612 2419 quem
636 2361 698 2402 non
721 2342 871 2415 merearis,
894 2340 1048 2403 amorem?

194 2421 245 2489 ‘nt
266 2429 290 2488 si
314 2437 465 2505 cognatos,
489 2427 571 2487 nullo
595 2435 699 2487 natura
722 2427 823 2487 labore

196 2513 278 2584 Quos
300 2513 353 2573 tibi
375 2513 432 2586 dat,
456 2513 584 2573 retinere
607 2513 678 2572 velis
701 2530 876 2589 servareque
898 2511 1018 2585 amicos,

197 2598 303 2659 infelix
326 2617 447 2677 operam
470 2597 585 2676 perdas,
608 2607 642 2657 ut
663 2597 755 2675 siquis
777 2596 897 2657 asellum

197 2683 231 2744 ln
256 2703 360 2762 campo
384 2684 487 2744 doceat
509 2691 662 2760 parentem
687 2700 808 2743 currere
830 2676 942 2741 irenis?

199 2770 333 2847 lienique
356 2770 394 2829 sit
415 2769 482 2829 finis
506 2767 677 2846 quaerendi,
701 2785 828 2845 cumque
850 2764 958 2825 habeas
981 2764 1059 2844 plus,

196 2855 373 2933 Pauperiem
395 2863 507 2914 metuas
529 2853 628 2913 minus
651 2861 681 2913 et
703 2852 789 2911 iinire
811 2850 943 2911 laborem

197 2940 334 3020 incipias,
357 2949 441 3018 parto
464 2938 544 3016 quod
566 2938 680 3011 evehas,
704 2955 742 2996 ne
765 2936 853 2996 facias
875 2935 954 3013 quod

198 3024 362 3085 Ummidius
383 3025 501 3102 quidam
524 3057 538 3067 -
562 3043 622 3083 non
646 3023 735 3101 longa
758 3029 802 3081 est
824 3020 921 3080 sabula
945 3041 974 3080 -ε
999 3020 1089 3092 dives,

198 3109 236 3170 Ut
259 3110 412 3169 metiretur
434 3126 581 3181 nummos,
605 3108 643 3167 ita
666 3106 812 3178 sordidus,
835 3113 868 3165 ut
889 3124 920 3166 se

198 3194 264 3254 Non
288 3212 428 3272 umquam
452 3211 536 3254 servo
560 3193 664 3253 melius
687 3192 814 3265 vestiret,
837 3192 871 3250 ad
894 3208 989 3267 usquc

200 3281 379 3357 Supremum
402 3289 529 3357 tempus,
553 3298 590 3338 ne
614 3297 645 3338 se
668 3276 793 3357 penuria
815 3275 909 3335 victus

200 3363 398 3442 Opprimeret,
422 3362 587 3435 metuebat3
610 3372 640 3422 at
662 3363 742 3422 hunc
765 3360 870 3420 liberta
893 3359 989 3420 securi

198 3563 208 3613 1
226 3580 249 3613 o.
268 3567 300 3616 79
320 3568 433 3629 optarem
450 3562 454 3629 Ι
471 3565 500 3614 81
522 3562 585 3627 adts.
597 3560 690 3626 adfixit
708 3563 743 3626 (υ)
759 3563 763 3627 1
779 3563 811 3614 83
832 3561 916 3626 gnatis
935 3563 970 3623 (et
983 3560 1059 3622 natis)
1077 3558 1125 3610 red

115 3634 218 3684 88-91
238 3647 321 3681 oouro
340 3632 496 3682 tribuendos
514 3648 567 3681 esse
584 3631 647 3680 inde
665 3633 697 3680 ad
717 3630 978 3682 nomismatum
997 3632 1053 3678 tum
1065 3631 1125 3676 Ber<

117 3703 217 3751 dabitis
235 3702 348 3764 ompositi
353 3718 363 3761 ,·
380 3700 449 3750 idem
464 3701 550 3765 paulo
564 3704 627 3763 post
643 3701 673 3748 in
691 3699 754 3749 diss.
772 3699 886 3762 quadum
902 3697 1069 3747 Berottnemt
1081 3693 1125 3755 fra

113 3785 187 3819 nune
204 3785 221 3817 a
239 3784 280 3817 me
298 3772 419 3832 quaesito
443 3772 514 3818 inter
540 3769 685 3817 sententias
711 3771 895 3817 controversas
919 3767 1039 3830 proponi
1064 3779 1125 3812 mern

114 3854 137 3888 υ.
157 3839 233 3900 susq.
251 3839 329 3900 signo
348 3865 382 3873 -
399 3840 428 3887 in
446 3836 499 3898 fine
516 3852 541 3888 v.
562 3837 595 3888 89
610 3837 698 3898 posito
718 3835 802 3885 cidem
819 3849 901 3883 avaro
914 3834 1066 3897 assignavit
1077 3832 1108 3881 H.
1124 3867 1125 3880 t

115 3909 167 3955 aot.
184 3920 276 3970 gymn.
288 3921 312 3955 α.
328 3906 392 3956 1856
406 3921 434 3970 p.
449 3907 542 3969 Sdioq.
560 3906 563 3967 Ι
580 3905 611 3955 88
625 3904 661 3964 at]
674 3917 704 3952 o:
717 3917 748 3952 an
758 3919 773 3952 o
784 3917 814 3952 ac
826 3903 861 3964 (o)
877 3902 881 3965 Ι
897 3902 974 3964 89sq.
986 3900 1083 3951 amicos
1093 3900 1125 3950 int

113 3972 317 4022 Doederleinius
332 3975 336 4038 Ι
352 3976 382 4025 91
404 3974 499 4024 irenis?
518 3971 552 4023 ol.
569 3971 620 4037 195
640 3969 685 4035 qui
702 3974 753 4020 tam
771 3970 858 4021 Beati.
917 3976 918 3980 ’
