2474 4440
462 222 653 276 SdTlllhRUbl
669 225 690 277 ll
708 229 732 279 3.
1074 229 1132 288 161

141 397 297 458 Frumenti
321 407 464 476 quantum
487 397 571 456 metit
592 397 698 457 Africa.
741 389 820 458 ‘Sive
843 417 900 477 ego
923 417 1011 479 prave

140 484 202 544 Seu
223 492 305 543 recte
326 483 384 543 hoc
405 482 493 554 volui,
517 501 555 542 ne
578 483 618 543 sis
640 492 764 561 patruus
786 483 857 544 mihi
884 505 890 543 :
915 487 1014 558 credo,

139 567 206 629 Hoc
229 568 344 628 Staberi
367 568 544 646 prudentem
566 568 698 628 animum
719 569 834 629 vidisse.
877 563 967 640 ‘Quid
992 590 1062 652 ergo

141 653 251 725 Sensit,
273 671 342 713 cum
365 671 509 713 summam
533 653 692 730 patrimoni
715 653 884 732 insculpere
906 674 976 717 saxo
1101 668 1131 718 90

142 738 273 798 Heredes
294 729 421 798 voluit‘l’
470 737 572 808 Quoad
596 738 673 806 vixit,
696 738 820 799 credidit
841 740 950 818 ingens

143 823 316 902 Pauperiem
339 823 441 882 vitium
465 835 493 882 et
516 822 590 882 cavit
612 822 685 882 nihil
708 823 815 896 acrius,
838 834 880 896 ut,
904 826 927 886 si

144 907 232 968 Forte
252 909 352 968 minus
375 907 508 986 locuples
530 926 591 967 uno
615 908 778 985 quadrante
801 910 936 987 perisset,

144 992 208 1071 lpse
230 993 379 1053 rideretur
401 992 457 1053 sibi
481 993 622 1069 nequior:
647 994 743 1054 omnis
766 994 844 1054 enim
868 1013 925 1076 res,

144 1078 249 1153 Virtus,
272 1080 359 1151 fama,
382 1079 480 1151 decus,
503 1078 599 1138 divina
622 1079 810 1156 humanaque
832 1080 964 1159 pulchris
1101 1092 1131 1142 90

144 1163 254 1224 Divitiis
276 1173 397 1242 pareut;
422 1181 494 1241 quas
516 1163 568 1241 qui
590 1165 800 1237 construxerit,
823 1164 871 1225 ille

144 1247 244 1309 Clarus
266 1248 332 1321 erit,
355 1248 449 1321 lortis,
472 1248 576 1308 iustus.
618 1242 831 1326 ‘Sapiensne‘l'
878 1250 982 1324 Etiam,
1006 1259 1037 1312 et
1058 1269 1109 1312 rex

142 1331 178 1392 Et
200 1332 344 1411 quidquid
365 1333 451 1394 volet.
496 1333 570 1406 Hoc,
593 1334 682 1394 veluti
704 1334 809 1394 virtute
831 1346 978 1414 paratum,

142 1418 274 1496 Sperarit
296 1436 420 1496 magnae
442 1418 520 1479 laudi
543 1419 616 1479 lore.
662 1418 739 1489 Quid
762 1419 856 1480 simile
879 1421 926 1482 isti

142 1502 270 1564 Graecus
290 1501 480 1582 Aristippus?
502 1504 552 1582 qui
575 1521 675 1564 servos
697 1504 832 1582 proicere
855 1524 958 1566 aurum
1088 1516 1131 1567 100

141 1587 174 1648 ln
196 1589 292 1650 media
315 1589 400 1650 iussit
422 1588 521 1668 Libya,
545 1589 613 1666 quia
635 1589 747 1649 tardius
770 1589 847 1649 irent

141 1673 268 1753 Propter
289 1692 366 1734 onus
388 1691 505 1752 segnes.
552 1673 622 1734 Utar
643 1683 687 1734 est
709 1673 842 1734 insanior
864 1672 996 1737 horum?

141 1757 186 1818 Nil
206 1759 268 1838 agit
289 1759 467 1837 exemplum,
489 1758 570 1818 litem
593 1758 672 1836 quod
695 1758 746 1818 lite
768 1758 896 1820 resolvit.
920 1793 961 1804 -

141 1842 238 1921 Siquis
260 1854 337 1905 emat
358 1845 494 1917 citharas,
517 1853 630 1923 emptas
653 1853 819 1921 comportet
840 1844 870 1905 in
894 1863 1000 1919 unum,

140 1926 198 1989 Nec
221 1929 319 1990 studio
342 1929 469 1989 citharae
493 1947 549 1989 nec
570 1928 670 1989 Musae
693 1929 809 1990 deditus
831 1929 891 2001 ulli,

140 2013 169 2074 Si
191 2014 307 2094 scalpra
330 2024 358 2075 et
380 2016 490 2075 lormas
514 2033 576 2074 uon
598 2023 691 2087 sutor,
715 2014 831 2075 nautica
853 2015 916 2097 vela

140 2099 267 2160 dvorsus
288 2100 471 2173 mercaturis,
495 2099 606 2160 delirus
628 2109 658 2160 ct
679 2118 781 2160 amens

141 2183 278 2262 Undique
300 2185 414 2245 dicatur
436 2185 552 2245 merito.
597 2184 654 2255 Qui
677 2185 825 2264 discrepat
847 2185 919 2256 istis,

141 2268 196 2338 Qui
220 2288 359 2330 nummos
380 2288 544 2348 aurumque
566 2269 713 2343 recondit,
736 2271 854 2332 nescius
877 2271 919 2331 uti

141 2353 315 2433 Compositis
337 2366 532 2433 metuensque
554 2355 633 2415 velut
655 2356 830 2435 contingere
851 2356 992 2418 sacrum‘l
1087 2366 1130 2416 110

140 2437 238 2517 Siquis
260 2440 295 2500 ad
318 2440 470 2519 ingentem
493 2439 634 2500 frumenti
656 2458 775 2519 semper
796 2459 932 2502 acervum

140 2523 298 2586 Porrectus
320 2525 420 2602 vigilet
442 2543 508 2585 cum
532 2525 621 2603 longo
646 2525 722 2585 suste
745 2543 843 2602 neque
865 2525 946 2586 illinc

139 2610 251 2670 Audeat
273 2611 408 2671 esuriens
430 2610 568 2671 dominus
590 2610 766 2688 contingere
788 2628 913 2688 granum

140 2694 180 2754 dc
202 2695 302 2775 potius
324 2696 401 2756 loliis
423 2714 530 2774 parcus
552 2702 684 2755 vescatur
707 2694 830 2767 amaris;

139 2778 169 2838 Si
192 2779 296 2858 positis
317 2782 398 2841 intus
421 2780 484 2841 unii
506 2779 672 2856 veterisque
695 2777 812 2838 Falerni

139 2862 216 2924 Mille
239 2864 327 2938 cadis,
352 2865 424 2926 nihil
447 2875 501 2934 est,
524 2873 689 2925 tercentum
713 2863 840 2936 milibus,
863 2881 931 2924 acre

139 2948 224 3009 Patet
245 2959 376 3024 acetum;
399 2969 463 3030 age,
486 2950 510 3010 si
533 2960 562 3009 et
583 2949 752 3010 stramentis
774 2949 897 3009 incubet
920 2950 998 3010 unde

139 3033 297 3113 Octoginta
319 3055 415 3097 annos
438 3046 534 3106 natus,
558 3035 604 3095 cui
628 3035 756 3113 stragula
778 3034 876 3108 vestis,

137 3118 298 3180 Blattarum
321 3139 354 3181 ac
377 3121 525 3181 tinearum
548 3120 660 3198 epulae,
683 3128 834 3198 putrescat
855 3119 886 3179 in
909 3136 993 3180 arca:

138 3202 282 3265 Nimirum
305 3206 428 3268 insanus
450 3205 551 3285 paucis
573 3205 712 3276 videatur,
736 3222 771 3265 eo
795 3204 874 3282 quod

138 3289 263 3350 Maxima
285 3309 355 3370 pars
378 3293 531 3352 homiuum
556 3290 661 3350 morbo
685 3289 811 3350 iactatur
831 3290 944 3351 eodem.

138 3372 228 3436 lihus
249 3386 301 3436 aut
322 3377 409 3438 etiam
432 3379 504 3437 haec
527 3375 649 3436 libertus
673 3384 705 3435 ut
727 3375 826 3435 ebibat
847 3376 944 3449 heres,

138 3458 186 3520 nis
208 3460 328 3523 inimice
351 3481 452 3534 senex,
475 3458 628 3521 custodis‘l
651 3480 689 3520 ne
712 3461 764 3521 tibi
788 3458 885 3521 desit?

139 3542 320 3613 Quantulum
343 3548 422 3609 enirn
445 3564 577 3609 summae
600 3545 730 3606 curtabit
752 3545 877 3624 quisque
901 3546 1025 3620 dierum,

89 3690 256 3707 κ.-

137 3779 165 3830 lll
182 3798 207 3833 u.
225 3784 258 3834 93
282 3781 377 3848 periret
403 3782 408 3849 Ι
434 3784 467 3835 96
485 3783 639 3834 contraxerit
654 3783 658 3846 Ι
674 3785 705 3835 97
726 3783 880 3849 sapiensque
898 3787 924 3833 et
941 3781 1045 3847 sapiens
1065 3781 1069 3846 l
1089 3785 1124 3846 et]

89 3855 108 3891 0.
123 3847 155 3911 (u)
175 3850 179 3911 1
202 3852 250 3903 108
268 3849 330 3916 quid
348 3854 375 3900 et
392 3865 442 3916 quo
464 3851 468 3910 l
488 3851 537 3902 iste
559 3850 562 3914 Ι
585 3853 633 3902 112
651 3850 781 3916 proiectus
799 3852 833 3913 (u)
852 3850 935 3902 Bmtl.
957 3851 961 3914 Ι
984 3852 1030 3902 lll
1052 3849 1126 3902 ulvae

89 3912 122 3960 vlia
136 3918 309 3980 probabiliter
327 3916 373 3982 (cf.
394 3918 437 3968 Ou.
456 3917 488 3967 1⁴¹.
507 3917 517 3968 l
536 3920 599 3978 200;
620 3916 640 3967 V
659 3919 708 3970 519
721 3921 770 3983 aq.)
787 3918 937 3969 Mainalion

112 4003 214 4051 Horatius.
891 4005 919 4054 11
