2474 4440
440 240 480 292 llll
498 239 586 293 ARTE
603 239 752 296 pourton.
1067 243 1129 306 227

148 414 283 493 Denique
305 414 342 474 sit
365 413 487 492 quidvis,
510 413 634 492 simplex
656 414 806 475 dumtaxat
828 424 858 476 et
879 434 982 477 unum.
1006 455 1048 465 -

147 500 270 560 llarima
295 517 362 578 pars
384 508 491 570 vatum,
514 507 597 578 pater
619 508 648 559 et
670 499 791 560 iuvenes
813 509 897 579 patre
919 502 1011 580 digni,

147 585 316 664 llecipimur
337 585 437 663 specie
459 584 546 644 recti:
570 584 666 645 brevis
688 603 753 646 esse
776 584 887 659 laboro,
1102 601 1131 652 25

147 669 300 731 Obscurus
323 671 370 741 tio,
393 678 553 730 sectantem
576 668 647 729 levia
670 670 751 729 nervi

147 754 295 816 Deficiunt
316 753 475 832 animique,
498 755 650 832 protessus
672 754 794 833 grandia
816 764 923 833 turget,

146 840 245 919 Serpit
267 839 348 899 humi
372 848 452 898 tutus
475 839 599 898 nimium
621 838 799 918 timidusque
822 841 985 918 procellae;

146 925 203 996 Oui
226 927 339 986 variare
361 925 443 1002 cupit
465 942 528 984 rem
550 924 752 1003 prodigialiter
775 943 873 998 unam,

145 1010 324 1089 Delphinum
347 1009 426 1070 silvis
446 1009 589 1087 adpingit,
612 1008 752 1071 fluctibus
774 1028 895 1088 aprum:
1100 1026 1130 1078 eo

148 1095 181 1156 ln
206 1095 308 1155 vitium
332 1094 412 1154 ducit
434 1094 538 1172 culpae
560 1094 639 1173 luga,
661 1095 685 1155 si
708 1106 789 1156 caret
810 1104 882 1156 arte.

144 1180 301 1240 Aemilium
323 1179 400 1240 circa
423 1178 525 1239 ludum
547 1177 629 1239 saber
652 1180 729 1240 imus
751 1189 780 1240 et
801 1180 910 1259 unguis

144 1265 298 1344 Exprimet
320 1273 349 1325 et
370 1264 467 1325 mollis
489 1263 651 1324 imitabitur
673 1283 740 1325 aere
763 1265 893 1344 capillos,

144 1350 249 1410 lnielix
273 1349 371 1429 operis
392 1367 516 1421 summa,
540 1349 608 1427 quia
629 1368 741 1428 ponere
764 1360 859 1411 totum

144 1435 277 1510 Nesciet;
301 1436 382 1495 hunc
405 1453 459 1513 ego
482 1453 537 1507 me,
560 1433 655 1511 siquid
679 1453 861 1513 componere
883 1454 993 1509 curem,
1100 1450 1130 1500 at

145 1520 210 1581 Non
234 1519 328 1598 magis
349 1538 412 1580 esse
434 1519 520 1580 velim
543 1536 630 1596 quem
654 1538 725 1581 naso
747 1520 843 1581 rivere
866 1539 955 1599 pravo

145 1605 346 1685 Spectandum
369 1605 462 1682 nigris
484 1603 578 1665 oculis
600 1604 747 1684 nigroque
770 1605 884 1684 capillo.
907 1637 949 1649 -

145 1690 257 1752 Sumite
279 1690 432 1751 materiam
454 1689 566 1762 vestris,
591 1689 641 1767 qui
663 1689 801 1762 scribitis,
824 1708 947 1768 aequam

145 1774 263 1836 Viribus
285 1784 315 1835 et
335 1782 448 1836 versate
471 1775 530 1846 diu,
554 1774 624 1852 quid
646 1775 724 1836 serre
746 1785 896 1846 recusent,

144 1859 221 1931 Quid
244 1860 360 1920 valeant
381 1860 486 1920 umeri.
531 1858 583 1920 Cui
606 1859 680 1920 lecta
703 1869 842 1938 potenter
864 1860 920 1920 erit
941 1880 996 1933 res,
1097 1875 1127 1924 td

143 1945 204 2005 Nec
228 1944 363 2006 facundia
386 1945 502 2006 deseret
523 1945 605 2004 hunc
627 1962 683 2005 nec
705 1944 819 2006 lucidus
842 1944 925 2005 ordo.

145 2029 265 2091 Ordinis
289 2030 359 2091 haec
381 2030 473 2091 virtus
496 2030 553 2090 erit
575 2037 604 2089 et
624 2047 726 2102 renus,
749 2039 800 2090 aut
821 2048 876 2109 ego
899 2031 993 2104 lallor,
1073 2065 1080 2078 ·

147 2115 183 2175 Ut
204 2115 261 2174 iam
284 2133 365 2176 nunc
388 2114 464 2176 dicat
487 2115 544 2174 iam
567 2133 647 2175 nunc
670 2114 807 2176 debentia
830 2115 897 2187 dici,

144 2198 288 2278 Pleraque
311 2200 426 2261 diderat
448 2209 477 2260 et
498 2218 640 2278 praesens
662 2200 692 2260 in
716 2213 833 2280 tempus
855 2201 984 2275 omittat3

146 2283 210 2345 lloo
232 2294 318 2359 amet,
340 2286 398 2346 hoc
419 2294 540 2363 spernat
561 2285 699 2363 promissi
722 2285 862 2346 carminis
885 2296 996 2347 auctor.
1101 2299 1130 2350 45

117 2416 122 2423 ,
146 2369 180 2429 ln
204 2371 300 2431 verbis
322 2371 409 2430 etiam
433 2370 531 2430 tenuis
553 2379 716 2448 cautusque
738 2371 872 2432 serendis

148 2455 261 2516 dixeris
283 2456 410 2534 egregie,
435 2463 538 2515 notum
561 2455 584 2514 si
608 2454 710 2515 callida
733 2456 854 2516 verbum

146 2538 317 2601 Reddiderit
339 2541 476 2601 iunctura
499 2557 617 2600 novum.
663 2539 693 2599 Si
717 2541 792 2601 sorte
815 2557 937 2600 necesse
959 2549 1004 2600 est

146 2623 268 2686 lndiciis
290 2634 457 2686 monstrare
480 2623 649 2685 recentibus
672 2624 770 2684 abdita
793 2642 894 2685 rerum
917 2633 946 2684 et

146 2709 273 2788 Fingere
296 2711 435 2772 cinctutis
457 2728 517 2770 non
542 2708 674 2770 exaudita
698 2708 842 2788 Cethegis,
1102 2720 1132 2770 tt)

146 2793 307 2873 Continget
329 2795 505 2873 dabiturque
528 2794 645 2856 licentia
667 2803 784 2873 sumpta
805 2794 953 2873 pudenter

145 2879 183 2940 Et
206 2899 280 2941 nova
303 2881 429 2959 fictaque
453 2898 549 2959 nuper
570 2878 722 2940 habebunt
743 2879 830 2940 verba
853 2878 950 2949 fidem,
972 2877 997 2938 si

147 2963 258 3025 Graeco
282 2967 363 3026 sonte
386 2966 492 3026 cadent
513 2983 602 3044 parce
624 2964 746 3025 detorta.
790 2964 868 3035 Quid
892 2971 989 3024 autem

95 3055 100 3064 '
147 3049 273 3110 Caecilio
298 3050 459 3129 Plautoque
482 3050 562 3110 dabit
585 3050 745 3123 Romanus,
768 3050 938 3127 ademptum

145 3133 274 3212 Vergilio
296 3133 466 3213 Varioque?
489 3154 543 3214 ego
567 3154 629 3207 cur,
652 3134 806 3213 adquirere
829 3151 921 3213 pauca
1102 3142 1132 3193 to

83 3252 259 3263 ———

146 3334 170 3372 o.
191 3318 521 3387 23quidvis](ulBentl.:
540 3318 659 3385 quiduis
681 3321 717 3383 (o)
743 3315 812 3385 quod
839 3316 878 3367 uis
902 3332 917 3366 v
941 3313 1051 3382 quoduis
1067 3316 1104 3381 (υ)
1125 3323 1130 3382 Ι

84 3383 179 3438 dlenia
198 3389 232 3452 (o)
259 3385 264 3456 Ι
291 3389 324 3440 29
342 3401 404 3449 ,rem
423 3387 599 3452 prodigialiter
615 3401 707 3451 unam,
724 3391 750 3436 et
766 3400 820 3436 rem
837 3383 1021 3451 prodigialiter,
1038 3398 1088 3436 una
1106 3388 1133 3434 et

83 3464 123 3515 em,
140 3455 316 3521 prodigialiter
333 3470 383 3507 una
401 3456 610 3518 (Praedieovios)
628 3454 671 3516 aL,
690 3458 719 3504 et
736 3470 759 3505 υ.
779 3453 809 3505 V
821 3456 872 3503 act.
887 3468 981 3519 grymo.
993 3453 1086 3506 Auclr.
1105 3469 1131 3504 a.

86 3519 128 3574 861
142 3539 170 3588 p.
191 3526 272 3589 tsqq.
289 3524 293 3588 l
309 3525 341 3576 32
360 3537 425 3574 unus
442 3525 478 3588 (o)
499 3523 505 3589 1
526 3525 558 3576 36
577 3537 656 3588 paruo
674 3521 710 3590 (u)
735 3521 739 3586 Ι
763 3523 796 3572 37
815 3520 920 3586 nigroue
944 3522 949 3587 Ι
971 3521 1004 3571 42
1022 3519 1084 3571 hunt
1101 3522 1130 3583 (s.

83 3587 138 3654 llud)
153 3589 158 3660 Ι
173 3594 207 3643 44
224 3592 324 3658 reliqua
337 3591 555 3642 Schneidewinos
567 3590 661 3645 Plttot.
675 3594 715 3656 to,
729 3592 776 3643 361
789 3606 827 3654 sq.
846 3587 969 3656 pluraque
987 3587 1019 3639 V.
1034 3587 1133 3639 Valere

83 3653 211 3724 ''n-progr.
228 3661 310 3711 celiel.
328 3675 381 3711 soe.
396 3661 547 3726 polyteehn.
564 3658 696 3719 Francos.
716 3659 752 3709 ud
768 3657 803 3709 Μ.
822 3675 846 3709 a.
869 3657 932 3710 tero
946 3673 974 3722 p.
993 3657 1025 3708 30
1041 3657 1046 3717 Ι
1061 3672 1084 3706 v.
1097 3659 1130 3708 45

83 3723 138 3778 tto
160 3727 282 3779 ordinem
300 3731 441 3793 pennatae
457 3727 544 3778 Bentl.
571 3726 575 3794 Ι
603 3729 702 3793 ldsqq.
721 3727 843 3777 distinete·
858 3725 1002 3776 seeundum
1019 3723 1055 3775 M.
1074 3725 1136 3774 Pel·

83 3789 170 3860 nhmig
185 3812 212 3862 p.
231 3795 284 3847 Vlll
302 3796 343 3847 ed.
362 3812 386 3846 a.
403 3796 480 3848 1883:
505 3810 604 3858 rerum,
626 3796 732 3857 (rerum,
755 3799 782 3845 et
799 3795 845 3859 el.)
862 3791 977 3858 fingere.
991 3791 1130 3858 ,Cethegis

83 3863 202 3930 obtinget,
220 3863 375 3930 debitorque
392 3880 435 3929 og.
455 3862 490 3924 ef.
500 3865 532 3914 A.
542 3862 681 3914 Michaelis
698 3877 789 3916 comm.
807 3861 958 3913 Mommsen.
973 3877 1000 3927 p.
1015 3860 1094 3923 422st
1112 3862 1116 3926 Ι

83 3925 100 3975 >2
116 3928 232 3999 lectaque
249 3934 285 3998 (υ)
302 3931 387 3984 Beotl.
404 3932 407 3999 Ι
424 3934 456 3983 53
475 3931 567 3982 cadant

881 4013 928 4066 15*
