2474 4440
393 275 565 328 CARllllhthl
583 277 650 330 125.
670 280 710 331 26.
729 281 769 332 27.

175 445 248 508 (lum
265 447 317 507 tihi
333 448 460 526 flagrans
474 466 557 507 amor
572 459 601 509 et
616 449 715 524 libido,

175 531 257 602 Quae
273 533 349 593 solet
363 542 472 593 matres
487 532 595 594 furiare
611 552 766 612 equorum,

175 616 291 678 Saeviet
306 617 382 677 circa
398 617 480 678 iecur
495 617 674 692 ulcerosum,

250 702 317 761 Non
333 702 398 762 sine
413 711 530 780 questu,

174 836 261 897 Laeta
277 837 356 914 quod
372 837 466 915 pubes
481 835 589 896 hedera
605 836 711 896 virenti

175 920 307 982 Gaudeat
322 922 403 1000 pulla
417 921 510 998 magis
524 930 612 999 atque
628 929 734 1000 myrto,

175 1007 278 1067 Aridas
293 1007 408 1066 frondis
423 1005 529 1066 hiemis
544 1005 636 1066 sodali

253 1090 375 1151 Dedicat
391 1090 480 1150 Euro.

538 1341 627 1403 XXVI

176 1459 266 1522 hlusis
281 1462 393 1521 amicus
408 1460 554 1522 tristitiam
572 1469 601 1519 et
616 1468 712 1521 metus

178 1543 303 1606 Tradam
319 1546 463 1625 protervis
477 1546 508 1605 in
525 1563 604 1604 mare
620 1544 767 1606 Creticum

224 1629 346 1690 Portare
362 1631 466 1703 ventis,
483 1630 548 1708 quis
562 1628 618 1690 suh
633 1630 723 1689 Arcto

273 1715 336 1775 Rex
351 1714 463 1794 gelidae
478 1712 626 1774 metiretur
641 1732 718 1787 orae,

178 1850 254 1921 Quid
269 1850 419 1912 Tiridaten
435 1858 553 1918 terreat,
571 1849 659 1909 unice

178 1936 316 1996 Securus.
346 1934 371 1995 Ο
388 1954 463 2014 quae
478 1934 610 1995 lontibus
626 1933 749 2011 integris

223 2020 348 2093 Gaudes,
364 2021 481 2098 apricos
497 2028 584 2079 necte
599 2018 697 2088 hores,

276 2105 378 2176 Necte,
394 2123 461 2165 meo
478 2104 595 2163 Lamiae
611 2121 762 2171 coronam,

176 2239 275 2319 Piplea
290 2240 393 2301 dulcis.
422 2240 469 2300 Nil
488 2238 553 2299 siue
569 2248 598 2298 te
614 2238 670 2297 mei

178 2324 306 2386 Prosunt
321 2325 467 2385 honores:
484 2324 565 2383 hunc
579 2322 686 2382 fidihus
701 2323 794 2396 novis,
1049 2335 1077 2385 10

222 2409 312 2470 Hunc
328 2408 435 2470 Lesbio
451 2425 568 2470 sacrare
584 2408 699 2486 plectro

273 2492 374 2572 Teque
391 2502 515 2572 tuasque
531 2493 616 2552 decet
632 2510 759 2552 sorores.

534 2745 638 2805 XXVII

177 2863 256 2923 Natis
271 2863 301 2922 iu
318 2882 404 2923 usum
422 2864 538 2925 laetitae
552 2864 671 2942 scyphis

178 2947 314 3026 Pugnare
329 2948 478 3008 Thracum
495 2958 554 3010 est:
571 2948 664 3009 tohito
679 2947 837 3008 barbarum

221 3032 334 3092 Morem
349 3034 611 3111 verecundumque
626 3032 774 3093 Bacchum

275 3117 454 3196 Sanguineis
468 3119 625 3196 prohibete
641 3117 719 3178 rixis.

176 3250 251 3310 Vino
268 3261 299 3310 et
313 3250 444 3313 lucernis
460 3252 562 3314 Medus
578 3253 714 3313 acinaces

177 3335 300 3396 Inmane
317 3345 460 3413 quantum
477 3338 638 3417 discrepat:
656 3336 776 3414 impium

223 3419 329 3480 Lenito
345 3421 514 3495 clamorem,
530 3423 653 3495 sodales,

274 3503 312 3564 Et
327 3505 428 3566 cubito
444 3516 593 3568 remanete
608 3525 719 3586 presso.

85 3618 252 3632 ᾗ,

138 3667 204 3719 xxv
222 3686 245 3722 o.
267 3673 297 3723 13
316 3670 410 3738 cupido
426 3670 430 3734 Ι
446 3675 479 3725 20
496 3672 573 3736 Euro]
592 3674 631 3724 od.
642 3674 784 3738 Argentini.
803 3675 909 3726 a.151a
927 3679 990 3724 teate
1004 3675 1126 3741 Cuuing-·

86 3746 132 3784 amo
148 3738 279 3789 animadv.
294 3755 323 3804 p.
343 3741 383 3802 68,
402 3740 437 3791 al.
456 3740 492 3801 cf.
510 3742 596 3792 Bontl
618 3745 644 3791 at
660 3742 737 3792 Jonia'
758 3742 820 3792 adn.
840 3745 905 3806 (non
930 3745 960 3792 in
977 3744 1077 3793 Aldina
1089 3759 1120 3797 u.

87 3799 124 3853 ill
139 3820 183 3855 noc
200 3809 230 3855 in
247 3807 348 3858 Aldina
367 3824 392 3860 a.
412 3810 500 3871 1509l:
520 3809 598 3861 hebro

92 3930 96 3942 .
138 3870 255 3926 llllVlo.
275 3873 531 3941 bnauandans)
555 3878 559 3938 Ι
583 3879 599 3929 9
618 3875 731 3942 Pimplea
753 3879 817 3928 olim
839 3893 881 3942 og.
906 3875 1014 3944 Pimplei
1035 3878 1120 3929 Bantl.

85 3927 176 4000 lmulaei
192 3940 220 3992 N
226 3942 348 3992 Heinsius
363 3943 367 4010 Ι
384 3947 416 3994 10
434 3947 542 4010 possunt
558 3942 595 4011 (n)
607 3944 747 4008 (Muretus,
766 3945 861 4008 Benll.)
