2474 4440
473 226 689 280 SA'l'lRARUlll
710 234 748 282 lll.

157 396 333 458 Ambustum
357 398 494 477 propriis.
538 400 639 459 Fuerit
660 401 800 473 Lucilius,
825 402 954 481 inquam,

157 481 253 543 Comis
276 491 305 542 et
327 482 469 554 urbanus
492 486 579 545 luerit
601 486 729 546 limatior
752 487 826 547 idem
1116 501 1145 550 65

160 567 250 637 Quam
276 566 358 628 rudis
380 577 409 628 et
431 567 549 630 Graecis
570 571 672 630 intacti
695 572 834 632 carminis
856 581 959 632 auctor

161 650 313 730 Quamque
336 663 489 732 poetarum
512 656 662 715 seniorum
687 656 788 729 turba;
811 658 860 717 sed
885 657 941 729 ille,

161 736 189 797 Si
211 739 288 798 loret
309 739 367 797 hoc
391 749 525 800 nostrum
549 741 607 800 lato
630 742 766 820 delapsus
788 743 817 801 in
842 761 953 815 aevum,

159 821 310 884 lletereret
331 822 387 884 sibi
410 825 509 895 multa,
533 826 677 886 recideret
701 846 788 886 omne
812 828 891 905 quod
914 828 989 888 ultra

160 906 325 968 Perfectum
349 909 524 980 traheretur,
547 919 576 969 et
598 911 627 970 in
651 930 737 973 versu
760 912 895 972 laciendo
1114 925 1143 975 'lb

160 993 251 1073 Saepe
275 1004 364 1072 caput
385 993 519 1054 scaberet
540 995 619 1055 rivos
642 1005 671 1055 et
694 998 813 1057 roderet
835 999 950 1074 unguis.
972 1033 1015 1043 —

160 1078 252 1156 Saepe
274 1078 374 1138 stilum
398 1088 500 1149 vertas,
525 1079 630 1140 iterum
654 1100 728 1159 quae
753 1082 839 1160 digna
863 1083 920 1162 legi
943 1082 1003 1143 sint

157 1163 338 1242 Scripturus,
363 1182 460 1241 neque
483 1175 512 1224 te
534 1173 567 1224 ut
589 1165 712 1226 miretur
734 1169 819 1226 turba
842 1167 966 1241 labores,

154 1247 322 1309 Contentus
346 1248 446 1326 paucis
469 1249 638 1311 lectoribus.
682 1252 726 1311 An
752 1263 800 1311 tua
824 1254 946 1314 demens

154 1330 268 1394 Vilibus
290 1333 320 1392 in
344 1333 420 1394 ludis
442 1333 544 1394 dictari
567 1336 696 1396 carmina
719 1336 824 1398 malis?
1113 1348 1141 1398 te

151 1416 222 1479 IVon
239 1437 310 1497 ego;
327 1437 395 1478 nam
411 1419 480 1480 satis
495 1430 539 1480 est
555 1421 683 1498 equitem
700 1422 770 1481 mihi
787 1423 935 1501 plaudere,
952 1432 984 1483 ut
998 1422 1091 1483 audax

150 1500 340 1582 Contemptis
361 1503 424 1564 aliis
446 1505 563 1582 explosa
585 1505 748 1566 Arbuscula
770 1507 850 1567 dixit.

148 1585 221 1649 blen
247 1598 362 1649 moveat
385 1589 479 1649 cimex
502 1589 652 1662 Pantilius,
675 1601 726 1651 aut
748 1593 870 1664 cruciet,
893 1592 971 1670 quod

144 1669 276 1735 Vellicet
296 1674 448 1735 absentem
473 1674 649 1748 llemetrius,
671 1686 722 1735 aut
743 1677 821 1754 quod
845 1677 964 1755 ineptus

145 1755 286 1820 Fannius
308 1759 504 1838 Hermogenis
526 1760 620 1820 laedat
642 1762 761 1821 conviva
784 1760 910 1840 Tigelli?
1112 1772 1141 1823 80

150 1842 268 1906 Plotius
290 1855 319 1905 et
342 1844 454 1916 Varius,
477 1845 631 1906 Maecenas
655 1846 866 1926 Vergiliusque,

148 1926 271 2008 Valgius
295 1940 324 1990 et
346 1929 452 2009 probet
474 1931 544 1990 baec
568 1932 705 1992 Octavius
728 1933 855 2012 optimus
877 1941 965 2010 atque

146 2010 266 2076 Fuscus
288 2015 412 2076 ethaeo
435 2015 546 2075 utinam
569 2015 722 2077 Viscorum
746 2017 844 2077 laudet
865 2016 1003 2095 uterquel

146 2099 321 2161 Ambitione
344 2101 472 2179 relegata
493 2111 522 2160 te
546 2101 643 2160 dicere
665 2121 797 2181 possum,

148 2182 255 2257 Pollio,
277 2194 317 2258 te,
340 2185 481 2258 Messalla,
504 2195 555 2245 tuo
579 2205 645 2247 curo
669 2188 769 2262 fratre,
793 2187 939 2266 simulque
1108 2195 1136 2246 86

151 2267 221 2343 VOS,
243 2270 346 2331 Bibule
369 2280 398 2331 et
419 2271 510 2341 Servi,
534 2272 620 2331 simul
643 2272 688 2333 his
710 2282 748 2345 te,
772 2274 894 2334 candide
918 2272 1019 2346 Furni,

157 2351 321 2435 Compluris
343 2356 424 2427 alios,
448 2356 551 2417 doctos
574 2375 630 2435 ego
653 2376 728 2435 quos
751 2367 781 2418 et
803 2360 913 2419 amicos

155 2438 288 2502 Prudens
309 2451 473 2522 praetereo,
497 2441 604 2519 quibus
626 2442 707 2514 haec,
731 2443 790 2503 sint
813 2445 1045 2522 qualiacumque,

156 2525 293 2586 Adridere
315 2527 412 2600 velim,
435 2527 589 2600 doliturus,
611 2527 636 2588 si
658 2528 796 2606 placeant
817 2548 869 2606 spe

154 2607 286 2672 Deterius
308 2621 419 2673 nostra.
464 2612 603 2684 Demetri,
626 2622 724 2691 teque,
747 2613 861 2690 Tigelli,
1108 2619 1138 2670 90

156 2693 369 2773 Discipularum
391 2698 470 2758 inter
491 2697 578 2757 iubeo
602 2698 719 2777 plorare
742 2697 904 2758 cathedras.
927 2731 969 2743 -

155 2775 175 2849 l,
195 2798 281 2858 puer,
302 2791 389 2861 atque
412 2800 478 2843 meo
501 2783 576 2844 citus
598 2784 669 2844 haec
692 2782 845 2844 subscribe
867 2781 977 2842 libello.
1044 2793 1047 2800 '

86 2916 268 2942 g

157 3027 215 3086 llo.
235 3035 267 3086 68
285 3033 400 3100 dilapsus
418 3032 555 3086 vectitatus
574 3039 599 3084 ot
623 3034 722 3086 delatus
749 3036 753 3100 Ι
780 3037 812 3087 78
837 3039 947 3097 moveat,
970 3033 1051 3085 cimex
1069 3032 1135 3084 Pan-

86 3097 154 3155 ¹¹Ss
167 3099 246 3152 Rantl.
262 3105 267 3165 l
288 3103 321 3155 86
338 3101 438 3164 Bibule]
457 3101 585 3164 Muretus,
604 3101 638 3156 IV.
658 3104 793 3153 Heinsius:
814 3102 892 3153 bibuli
917 3100 922 3172 Ι
946 3103 979 3155 88
997 3106 1057 3153 sunt
1075 3103 1110 3165 lv)
1130 3098 1134 3167 Ι

108 3156 297 3234 discipulorum
314 3172 350 3233 (υ)
