2474 4440
383 153 554 206 GdellNUll
572 155 592 206 ll
612 158 650 208 15.
672 159 709 210 16.

137 324 197 385 Nec
215 326 367 386 fortuitum
383 343 525 404 spernere
540 327 697 405 caespitem

138 409 234 487 Leges
249 409 395 484 sinebant,
412 410 518 489 oppida
534 410 653 489 publico

184 493 312 573 Sumptu
327 494 463 556 iubentes
478 502 508 554 et
522 494 644 554 deorum

235 579 356 659 Templa
373 598 449 640 novo
465 579 606 640 decorare
621 598 700 641 saxo.

510 914 574 974 XVI

139 1031 239 1093 Otium
254 1030 336 1092 divos
351 1040 435 1111 rogat
450 1033 479 1092 in
496 1034 608 1111 patenti

138 1115 270 1177 Prensus
285 1115 409 1193 Aegaeo,
425 1116 513 1177 simul
528 1126 589 1178 atra
607 1119 702 1181 nubes

138 1199 278 1261 Condidit
292 1200 393 1261 lunam
410 1220 506 1279 neque
522 1213 600 1263 certa
617 1204 731 1282 fulgent

214 1285 315 1346 Sidera
331 1286 437 1358 nautis,

136 1403 235 1466 Otium
251 1401 329 1463 bello
344 1403 455 1464 furiosa
470 1375 593 1478 Thrace,

137 1488 238 1549 Otium
253 1487 331 1548 Medi
346 1489 482 1566 pharetra
498 1491 607 1561 decori,

134 1572 279 1650 Grosphe,
296 1591 357 1633 non
373 1573 497 1652 gemmis
512 1592 610 1652 neque
626 1592 757 1653 purpura
774 1594 824 1636 ve-

210 1657 277 1716 nale
294 1675 390 1734 neque
406 1675 493 1731 auro;

135 1775 199 1835 Non
219 1775 299 1835 enim
314 1792 402 1851 gazae
418 1794 516 1854 neque
532 1776 697 1836 consularis

135 1858 297 1920 Submovet
310 1858 397 1920 lictor
411 1860 535 1921 miseros
550 1861 693 1922 tumultus

135 1944 242 2004 Mentis
257 1954 287 2004 et
301 1961 387 2004 curas
401 1945 535 2022 laqueata
552 1946 664 2005 circum

208 2028 298 2088 Tecta
314 2029 446 2089 volantis.

134 2146 246 2206 Vivitur
261 2164 350 2224 parvo
367 2145 453 2219 bene,
470 2147 518 2206 cui
532 2156 690 2225 paternum

135 2229 277 2309 Splendet
292 2231 321 2290 iu
338 2249 441 2291 mensa
455 2232 538 2291 tenui
554 2232 680 2292 salinum

133 2316 193 2376 Nec
207 2315 278 2376 levis
293 2334 414 2376 somnos
429 2315 519 2375 timor
533 2326 583 2376 aut
598 2318 705 2395 cupido

211 2399 354 2461 Sordidus
368 2401 473 2461 aufert

134 2517 208 2588 Ouid
226 2516 307 2578 brevi
322 2518 414 2579 sortes
429 2519 591 2579 iaculamur
605 2538 675 2580 aevo

135 2599 247 2662 Multa?
265 2602 333 2680 quid
349 2612 444 2663 terras
458 2602 515 2663 alio
531 2604 653 2665 calentis

134 2687 201 2747 Sole
218 2685 387 2748 mutamus?
402 2688 515 2766 patriae
531 2689 597 2764 quis
614 2690 680 2750 exul

209 2771 248 2831 Se
264 2789 382 2850 quoque
397 2769 493 2850 sugit?
509 2807 550 2816 -

133 2887 254 2948 Scandit
269 2898 382 2949 aeratas
396 2891 498 2950 vitiosa
514 2891 594 2951 navis

133 2972 207 3032 Cura
225 2991 280 3032 nec
295 2981 407 3034 turmas
422 2976 555 3053 equiturn
571 2974 722 3053 relinquit,

133 3057 223 3117 Ocior
239 3059 331 3118 cervis
347 3068 376 3118 et
392 3069 497 3137 agente
514 3059 630 3120 nimbos

209 3140 300 3201 Ocior
314 3142 405 3203 Euro.

132 3258 238 3319 Laetus
253 3259 284 3318 in
300 3277 441 3338 praesens
456 3262 572 3322 animus
588 3262 667 3340 quod
685 3262 760 3322 ultra
776 3269 821 3323 est

131 3341 235 3404 Oderit
249 3361 353 3404 curare
369 3354 397 3405 et
412 3364 508 3406 amara
524 3347 604 3417 lento

130 3426 288 3506 Temperet
303 3429 380 3490 risu:
398 3431 470 3490 nihil
486 3440 530 3491 est
545 3430 581 3490 ab
599 3431 679 3491 omni

205 3512 292 3572 Parte
307 3512 434 3574 beatum.

85 3641 204 3654 *—

91 3753 181 3876 lippo
203 3764 233 3814 15
252 3767 305 3826 aot]
324 3779 372 3816 neo
390 3765 498 3816 servam
522 3765 558 3815 aa
575 3766 607 3816 A.
627 3763 649 3810 v
669 3767 717 3816 122
745 3764 748 3833 Ι
777 3768 807 3816 17
828 3765 915 3815 sontes
932 3764 969 3828 (υ)
996 3761 1000 3829 t
1028 3766 1067 3827 [21
1175 3748 1178 3752 “
