2474 4440
403 252 575 306 caumana
593 255 623 308 ΙΙΙ
641 258 681 309 26.
700 259 741 309 27.

531 425 622 485 nutv!

165 540 228 601 Vixi
250 541 356 620 puellis
379 561 475 623 nuper
496 544 622 606 idoneus

165 625 202 686 Et
224 626 343 687 militavi
367 645 428 688 non
451 629 515 689 sine
536 629 643 707 gloria:

209 710 296 773 Nune
318 729 399 772 arma
421 713 652 792 defunctumque
675 713 752 774 bello

260 795 403 857 Barbiton
426 797 474 858 hie
496 799 594 876 paries
615 797 744 871 habebit,

163 944 289 1006 Laevum
312 948 443 1009 marinae
465 949 517 1027 qui
540 949 662 1011 Veneris
684 951 759 1013 latus

164 1029 305 1092 Custodit.
349 1031 413 1106 Hie,
436 1033 484 1094 hie
506 1035 608 1114 ponite
629 1035 724 1096 lueida

208 1114 330 1177 Funalia
352 1125 381 1178 et
402 1117 492 1180 ventis
514 1127 543 1179 et
564 1137 650 1180 arens

260 1201 410 1281 Oppositis
432 1202 546 1265 foribus
568 1204 707 1266 minaeis!
731 1240 772 1249 —

162 1352 186 1412 0
210 1371 285 1431 qnae
307 1352 420 1415 beatam
443 1354 506 1415 diva
530 1364 612 1416 tenes
634 1356 761 1437 Cyprum
785 1368 814 1419 et

159 1437 311 1518 Memphin
334 1447 484 1500 carentem
507 1439 639 1501 Sithonia
662 1442 737 1514 nive,

205 1523 328 1602 Regina,
351 1522 469 1584 sublimi
492 1524 607 1603 flagello

259 1607 359 1687 Tange
382 1608 493 1670 Chloen
516 1610 607 1671 semel
628 1620 825 1690 arrogantem.

515 1862 619 1922 XXVI!

160 1976 270 2057 lmpios
291 1997 394 2058 parrae
416 1981 577 2042 recinentis
599 2001 687 2043 omen

158 2062 255 2124 Ducat
277 2072 306 2124 et
327 2082 496 2144 praegnans
518 2066 599 2127 canis
622 2076 671 2126 aut
693 2066 728 2127 ab
752 2084 822 2147 agro

159 2145 237 2208 Rava
260 2148 422 2210 decurrens
443 2150 511 2228 lupa
535 2150 687 2211 Lanuvino

234 2232 364 2312 Fataque
385 2234 501 2315 volpes;

157 2386 285 2463 Rumpat
308 2394 337 2446 et
358 2403 481 2464 serpens
503 2387 560 2447 iter
581 2387 755 2461 institutum,

157 2471 188 2531 si
212 2488 267 2549 per
289 2469 441 2550 obliquum
465 2471 567 2532 similis
589 2473 709 2552 sagittae

157 2554 276 2616 Terruit
298 2573 439 2616 mannos:
464 2573 519 2633 ego
542 2557 590 2617 eui
613 2557 721 2618 timebo

232 2639 375 2701 Providus
396 2658 515 2718 auspex,

156 2791 323 2869 Antequam
345 2791 450 2852 stantis
473 2800 588 2871 repetat
608 2792 730 2870 paludes

156 2875 298 2936 Imbrium
320 2875 415 2936 divina
438 2876 497 2937 avis
519 2876 728 2950 inminentem,

158 2961 298 3022 Oscinem
321 2978 441 3021 corvum
464 2979 553 3039 prece
576 2962 724 3023 suscitabo

232 3044 309 3106 Solis
332 3045 367 3106 ah
391 3055 468 3106 ortu.

162 3197 208 3257 Sis
230 3197 299 3257 lieet
319 3195 397 3269 felir,
421 3196 601 3275 ubicumque
623 3198 722 3271 mavis,

162 3281 200 3342 Et
221 3298 336 3341 memor
358 3282 460 3356 nostri,
484 3281 610 3356 Galatea,
633 3283 709 3343 vivas

159 3366 261 3445 Teque
284 3384 339 3426 nee
362 3366 460 3427 laevus
482 3376 559 3428 vetet
580 3368 623 3428 ire
645 3368 730 3446 picus

233 3451 294 3511 Nee
316 3468 386 3528 vaga
409 3450 521 3511 cornix.

75 3596 238 3609 *—

118 3714 192 3768 XXVI
209 3735 233 3769 o.
255 3721 267 3769 1
287 3717 380 3769 duellis
399 3718 425 3772 0.
442 3718 553 3769 Fronte
570 3715 638 3778 forti
656 3719 748 3770 Horat.
766 3736 792 3786 p.
808 3721 848 3784 57,
870 3721 949 3781 1417
969 3724 995 3770 et
1012 3721 1095 3781 arens]

75 3787 183 3917 multip
200 3790 344 3919 ppapptpgps
362 3786 432 3849 (odd.
452 3787 587 3837 Housman
607 3789 702 3852 paura.
723 3785 758 3848 of
767 3788 834 3853 phil.
852 3787 872 3838 X
892 3788 923 3838 20
942 3804 968 3854 p.
987 3788 1034 3838 190
1042 3789 1090 3851 aq.)

122 3916 202 3972 xxvn
220 3868 244 3973 og
264 3924 278 3973 5
297 3921 392 3989 rumpit
409 3924 452 3986 (=
469 3923 554 3973 Beati.
571 3923 575 3989 Ι
593 3925 622 3975 15
643 3927 713 3973 uetat
731 3925 765 3987 (u)
785 3945 817 3964 =
836 3922 987 3983 Lanuuinus,
1007 3920 1092 3972 Bentl.
