2474 4440
389 239 618 294 EPISTULARUM
636 241 656 293 ll
674 244 698 296 2.

92 411 236 491 Eripuere
259 415 350 489 iocos,
374 414 528 486 Venerem,
552 415 693 485 convivia,
717 414 828 489 ludum,

93 497 234 559 Tendunt
256 508 432 578 extorquere
454 510 605 580 poemata;
629 499 698 577 quid
721 501 824 560 faciam
847 499 912 562 vis'l

93 583 228 661 Denique
251 603 311 644 non
336 604 439 646 omnes
462 585 561 645 eadem
584 585 731 645 mirantur
752 597 926 664 amantque:

94 667 229 729 Carmine
250 679 283 729 tu
307 671 425 747 gaudes,
448 669 496 731 hic
519 670 680 731 delectatur
701 671 814 743 iambis,

92 752 143 812 llle
166 753 286 815 Bioneis
308 752 497 816 sermonibus
521 764 550 815 et
572 755 631 815 sale
655 756 750 835 nigro.
1053 767 1083 818 60

92 837 165 898 Tres
187 840 258 899 mihi
282 840 421 901 convivae
443 857 538 919 prope
560 840 717 902 dissentire
739 841 886 914 videntur,

92 922 254 986 Poscentes
276 925 355 985 vario
379 925 504 986 multum
527 925 640 986 diversa
662 927 772 1004 palato;

94 1007 171 1078 Quid
194 1008 283 1072 dem?
307 1010 376 1089 quid
401 1029 462 1071 non
485 1008 576 1071 dem?
599 1011 701 1072 renuis
724 1012 803 1090 quod
825 1021 873 1085 tu,
904 1012 986 1073 iubet
1008 1012 1083 1076 alter

94 1092 179 1162 Quod
202 1096 287 1173 petis,
310 1096 338 1155 id
362 1114 433 1156 sane
456 1105 501 1156 est
523 1096 648 1157 invisum
671 1097 846 1174 acidumque
870 1096 995 1158 duobus.
1018 1131 1059 1141 -

92 1177 215 1240 Praeter
236 1189 332 1241 cetera
355 1199 402 1240 mc
426 1180 575 1241 Romaene
598 1190 732 1260 poemata
756 1201 860 1243 censes
1053 1193 1082 1242 65

94 1263 231 1324 Scribere
253 1283 341 1344 posse
363 1267 442 1327 inter
464 1276 508 1326 tot
529 1284 616 1327 curas
638 1276 740 1344 totque
764 1266 900 1328 labores?

94 1347 148 1409 llic
170 1368 313 1428 sponsum
336 1361 430 1423 vocat,
454 1351 502 1411 hic
524 1351 655 1411 auditum
679 1353 789 1431 scripta
812 1353 923 1414 relictis

94 1433 241 1496 Omnibus
263 1436 383 1509 olllciis3
406 1436 495 1498 cubat
516 1437 563 1497 bic
585 1437 615 1496 in
640 1437 714 1498 colle
737 1436 864 1510 Quirini,

94 1517 148 1579 Hic
171 1529 303 1581 extremo
326 1522 356 1581 in
379 1521 534 1591 Aventino,
559 1522 696 1583 visendus
718 1532 854 1600 uterque,

94 1602 247 1666 Intervalla
270 1606 350 1666 rides
373 1607 501 1667 humane
524 1608 687 1667 commoda.
725 1600 846 1668 ‘Verum
1053 1617 1082 1667 to

94 1688 190 1750 Purae
212 1699 283 1751 sunt
305 1691 427 1770 plateae,
451 1692 524 1752 nibil
546 1702 580 1752 ut
601 1692 812 1754 meditantibus
834 1686 950 1753 obstet.³

95 1773 227 1836 Festinat
248 1776 359 1837 calidus
381 1776 468 1837 mulis
491 1777 660 1855 gerulisque
683 1778 862 1856 redemptor,

96 1859 229 1939 Torquet
251 1880 333 1922 nunc
356 1861 491 1942 lapidem,
515 1881 596 1923 nunc
619 1863 725 1940 ingens
747 1862 882 1923 machina
904 1861 1030 1940 tignum,

96 1945 200 2006 Tristia
223 1946 354 2008 robustis
376 1947 528 2009 luctantur
550 1949 653 2008 funera
677 1948 824 2026 plaustris,

96 2030 156 2091 Hac
178 2031 294 2092 rabiosa
317 2032 392 2110 fugit
415 2033 505 2102 canis,
529 2033 584 2092 hac
606 2033 750 2093 lutulenta
773 2032 833 2093 ruit
855 2051 920 2094 sus:
1054 2040 1082 2090 75

95 2115 108 2176 l
130 2134 213 2177 nunc
235 2127 264 2176 et
285 2135 389 2178 versus
410 2126 509 2178 tecum
532 2118 674 2179 meditare
698 2136 834 2179 canoros.

96 2201 280 2280 Scriptorum
305 2202 414 2263 chorus
436 2203 534 2264 omnis
555 2213 633 2265 amat
655 2222 761 2265 nemus
784 2213 814 2264 et
835 2202 911 2283 fugit
933 2201 1031 2275 urbes,

96 2287 161 2347 Rite
185 2286 278 2348 cliens
299 2287 407 2348 Bnccbi
430 2306 536 2349 somno
558 2290 714 2368 gaudentis
736 2299 766 2350 et
787 2288 907 2363 umbra3

96 2372 140 2432 Tu
163 2390 210 2432 me
233 2372 311 2433 inter
332 2373 474 2452 strepitus
497 2384 663 2436 nocturnos
684 2385 772 2453 atque
795 2375 919 2435 diurnos

96 2457 144 2518 Vis
167 2474 275 2518 canere
298 2467 327 2518 et
349 2467 500 2519 contracta
523 2460 606 2538 sequi
628 2461 748 2538 vestigia
772 2456 891 2519 vatum?
1053 2465 1082 2517 80

97 2542 263 2622 Ingenium,
286 2542 342 2604 sibi
365 2545 443 2621 quod
466 2562 572 2605 vacuas
595 2544 757 2623 desumpsit
780 2544 909 2605 Athenas

97 2626 133 2687 Et
155 2627 259 2688 studiis
282 2645 377 2689 annos
399 2640 512 2708 septem
535 2629 615 2690 dedit
637 2630 827 2708 insenuitque

97 2712 194 2773 Libris
217 2721 246 2773 et
267 2713 356 2786 curis,
380 2723 473 2775 statua
495 2714 672 2775 taciturnius
695 2716 754 2774 exit

96 2796 274 2876 Plerumque
297 2807 326 2859 et
347 2799 408 2859 risu
431 2799 575 2879 populum
599 2801 706 2877 quatit;
728 2799 776 2860 hio
799 2818 853 2879 ego
877 2814 976 2859 rerum

98 2881 250 2944 Fluctibus
272 2883 301 2943 in
326 2884 430 2945 mediis
452 2894 482 2944 et
502 2885 726 2965 tempestatibus
748 2883 830 2945 urbis
1053 2891 1082 2942 85

97 2966 191 3027 Verba
214 2968 294 3046 lyrae
317 2979 433 3030 motura
455 2988 561 3031 sonum
585 2978 742 3031 conectere
765 2965 892 3048 digner?

97 3051 200 3112 Frater
221 3061 284 3113 erat
306 3053 416 3115 Romae
438 3056 565 3116 consulti
588 3057 700 3128 rhetor,
723 3065 755 3116 ut
776 3054 850 3114 alter

96 3137 223 3198 Alterius
244 3156 383 3200 sermone
406 3157 505 3201 meros
527 3141 641 3201 audiret
662 3140 802 3213 honores,

102 3221 251 3285 Gracchus
273 3233 307 3284 ut
328 3224 376 3285 hic
397 3225 448 3299 illi,
471 3226 547 3286 soret
569 3225 638 3286 huic
660 3235 693 3286 ut
714 3225 829 3286 Mucius
851 3223 908 3284 ille.

98 3306 155 3376 Qui
177 3309 276 3370 minus
299 3319 420 3385 argutos
441 3320 526 3371 vexat
547 3312 631 3371 furor
652 3312 706 3372 iste
728 3306 851 3389 poetas?
1027 3366 1030 3373 ,
1054 3316 1084 3366 90

98 3393 234 3453 Carmina
257 3413 416 3473 compono,
438 3395 486 3456 hic
508 3396 616 3474 elegos.
661 3395 793 3457 Mirabile
815 3395 878 3456 visu

100 3477 308 3559 caelatumque
331 3498 436 3540 novem
458 3480 550 3542 Musis
572 3481 661 3560 opusl
707 3481 832 3560 Adspice
855 3481 993 3559 primum,

33 3624 211 3641 *—

80 3730 98 3781 ll
116 3747 140 3785 o.
159 3735 190 3784 57
204 3748 243 3797 sq.
261 3732 302 3783 vis
319 3729 447 3798 deniqne?
467 3733 524 3784 H·P
537 3748 632 3785 mnam.
649 3749 676 3784 n.
694 3749 713 3785 s.
734 3737 774 3798 14,
792 3733 842 3784 312
866 3733 870 3795 l
896 3733 928 3783 63
948 3737 975 3782 tn
993 3732 1062 3798 quod
1077 3733 1081 3801 l

24 3793 49 3848 ll
65 3797 177 3918 pluresp
189 3803 220 3851 77
240 3799 328 3852 urbem
344 3802 347 3856 Ι
364 3802 396 3853 80
415 3804 532 3852 contacta
551 3816 630 3851 onon
644 3804 710 3853 tacta
723 3800 809 3854 Bentl.
826 3801 831 3866 Ι
847 3802 878 3854 82
890 3800 1083 3866 insonuit[que]

22 3873 42 3912 v.
57 3865 72 3918 l.
91 3883 135 3933 ap.
175 3870 250 3934 orple.
267 3869 319 3932 183
338 3867 405 3919 Curii
423 3872 506 3920 statua
525 3885 550 3922 o.
569 3870 585 3920 l.
606 3885 648 3934 ap.
666 3869 773 3935 Porpb„
798 3872 832 3934 (o)
847 3868 853 3939 Ι
868 3870 900 3921 89
918 3867 978 3919 huic
990 3904 997 3919 .
1010 3905 1016 3919 .
1029 3868 1083 3933 itte]

23 3931 54 3986 td.
71 3935 225 3988 Britannici
242 3935 308 3988 Ven.
326 3953 351 3990 o.
372 3938 445 3999 1516,
463 3936 621 3988 Lambinus:
640 3937 682 3988 hie
699 3936 736 3987 illi
