2520 4434
429 233 619 286 sermonum
636 235 645 286 1
665 239 689 288 4.
933 269 934 273 =
1037 235 1098 294 135

116 407 185 478 Quo
208 415 384 486 personatus
404 415 490 486 pacto
513 414 607 484 pater.
652 407 712 477 Hie,
735 425 790 484 ego
814 426 887 486 quae
911 428 1002 479 nunc,

117 493 196 553 Olim
218 509 293 570 quae
315 492 432 570 scripsit
454 491 594 563 Lucilius,
617 493 722 570 eripias
744 494 767 553 si

115 577 263 656 Tempora
287 586 366 636 33333
386 576 548 654 modosque
564 585 593 636 et
608 579 686 655 quod
701 577 784 657 prius
800 578 903 639 ordine
919 579 1040 640 verbum
1056 590 1101 642 333

116 662 268 723 Posterius
290 661 388 736 lacias,
410 680 598 763 praeponens
621 662 722 722 ultima
745 663 883 740 primis·

116 747 195 821 Non,
217 755 251 807 ut
272 747 295 806 si
318 739 440 808 331333ί
444 756 600 826 postquam
623 747 772 808 Discordia
795 756 886 808 taetra
1073 761 1103 811 39

115 832 226 892 Β31111
212 834 337 892 13333333
359 832 452 911 postis
474 842 633 910 portasque
655 823 837 910 relregit'·,

116 917 253 978 Invenias
276 917 364 977 etiam
386 918 500 978 disiecti
523 917 654 977 membra
677 927 856 997 poetae.-

116 1002 270 1064 Hactenus
291 1002 379 1063 baec:
402 1003 471 1063 alias
494 1003 601 1062 iustum
625 1003 663 1062 sit
685 1020 780 1062 necne
804 1021 917 1081 poema,

115 1088 206 1148 Nunc
227 1087 298 1148 illud
321 1095 434 1147 tantum
458 1104 606 1165 quaeram,
628 1087 775 1149 meritone
798 1088 850 1147 tibi
873 1088 910 1148 sit

117 1173 335 1251 Suspectum
320 1191 414 1233 oenus
435 1173 491 1232 boc
514 1172 673 1232 scribendi.
716 1172 833 1234 Sulcius
855 1191 923 1233 acer

116 1257 256 1318 Ambulat
278 1266 308 1318 et
331 1257 461 1354 Caprius,
485 1258 566 1317 rauci
589 1258 663 1317 male
686 1276 813 1336 cumque
835 1248 950 1329 libellis,

115 1343 241 1439 Magnus
263 1351 388 1420 uterque
411 1343 561 1402 timort
521 1343 561 1402 lat
562 1342 701 1416 ronlbus;
725 1352 753 1402 at
777 1343 852 1403 bone
875 1343 966 1421 siquis

116 1427 156 1488 Et
176 1426 250 1487 vivat
272 1428 354 1507 puris
376 1428 521 1501 manibus,
546 1437 717 1488 contemnat
739 1439 907 1506 utrumque.

114 1512 156 1573 Ut
177 1513 217 1574 sis
239 1520 272 1572 tu
294 1513 395 1573 similis
418 1511 494 1573 Caeli
518 1513 652 1591 Birrique
676 1513 835 1584 latronum,

114 1597 183 1657 Non
207 1617 261 1677 ego
284 1598 339 1658 sim
363 1597 447 1675 Capri
470 1616 568 1676 neque
591 1598 687 1658 Sulci:
710 1616 764 1658 333
785 1607 898 1657 metuas
921 1595 990 1657 me?
1076 1608 1105 1658 39

114 1682 202 1743 Nulla
224 1682 347 1743 taberna
369 1701 451 1743 meos
473 1683 580 1743 habeat
602 1701 698 1761 neque
720 1682 777 1761 pila
801 1682 924 1756 libellos,

116 1767 191 1837 Quis
211 1785 317 1828 manus
339 1768 457 1828 insudet
478 1769 554 1845 volgi
577 1767 831 1847 Hermogenisque
855 1767 967 1845 Tigelli,

116 1852 180 1912 Nec
202 1853 294 1913 recito
318 1853 454 1931 cuiquam
478 1854 533 1914 nisi
556 1853 656 1913 amicis
678 1853 765 1931 idque
788 1862 917 1924 coactus,

117 1936 185 1997 Non
208 1937 303 1998 ubivis
326 1956 460 1997 coramve
483 1938 670 2016 quibuslibet.
716 1938 748 1998 ln
773 1937 868 1997 medio
892 1938 943 2016 qui

117 2022 235 2100 Scripta
255 2024 321 2082 foro
344 2024 417 2083 recit
405 2033 469 2083 tent
491 2034 561 2084 sunt
582 2023 666 2082 multi
689 2024 799 2101 quique
822 2023 959 2096 lavantes,

117 2107 213 2167 Suave
235 2108 318 2168 locus
341 2108 403 2168 roci
427 2120 545 2169 resonat
568 2110 736 2169 conclusus.
780 2108 880 2168 lnanis

117 2191 184 2252 Hoc
205 2192 293 2266 iuvat,
316 2194 392 2253 haud
416 2193 487 2252 illud
511 2195 689 2271 quaerentis,
714 2212 784 2253 num
808 2193 872 2254 sine
895 2211 994 2266 33333,

116 2276 264 2380 Tempore
288 2296 359 2337 num
384 2278 491 2338 saciant
513 2279 619 2338 alieno.
653 2273 796 2339 ‘Laedere
819 2269 934 2357 gaudes

116 2355 247 2439 1331313ί
251 2372 280 2422 33
269 2362 359 2422 thoc
381 2362 477 2423 studio
501 2382 607 2442 pravus
629 2355 717 2424 sacis?
766 2364 850 2424 Unde
873 2364 996 2442 petitum

117 2446 213 2507 Hoc
206 2467 236 2507 in
259 2465 305 2508 me
328 2446 419 2508 iacis‘l
442 2457 485 2508 est
508 2460 612 2510 auctor
634 2451 699 2528 quis
722 2450 849 2526 denique
872 2467 984 2522 eorum,

116 2531 183 2591 Vixi
206 2550 272 2592 cum
295 2532 424 2611 quibus?
465 2528 636 2595 Absentem
661 2536 710 2612 qui
733 2535 810 2594 rodit
833 2534 968 2607 amicum,

118 2616 177 2686 Qui
201 2637 262 2678 non
285 2618 416 2678 defendit
439 2619 494 2679 alio
518 2620 665 2698 culpante
688 2620 798 2679 solutos

118 2701 178 2770 Qui
201 2710 297 2781 captat
319 2703 394 2764 risus
417 2705 570 2764 hominum
594 2706 759 2798 famamque
782 2702 899 2774 dicacis,

117 2786 245 2866 Fingere
268 2788 318 2865 qni
343 2807 400 2848 non
425 2789 484 2849 visa
507 2798 613 2867 potest,
636 2789 782 2848 conmissa
802 2797 899 2847 tacere

117 2871 177 2941 Qui
200 2873 310 2950 nequit,
332 2873 381 2932 hic
403 2875 488 2953 niger
511 2884 564 2947 333,
586 2874 666 2934 hunc
688 2884 730 2943 33,
754 2873 895 2944 Romane,
918 2863 1035 2931 caveto?
1074 2881 1103 2932 85

120 2956 250 3034 Saepet
238 2957 333 3018 tribus
354 2959 437 3019 lectis
458 2959 554 3018 videas
577 2978 683 3019 cenare
706 2967 876 3036 quaternos

117 3040 143 3099 E
169 3041 274 3118 quibus
296 3060 374 3103 unus
396 3052 461 3103 avet
483 3045 583 3122 quavis
604 3045 780 3122 adspergere
803 3050 926 3101 cunctos

118 3126 241 3186 Praeter
256 3145 331 3202 eum,
349 3129 399 3206 qni
415 3129 536 3206 praebet
550 3147 672 3206 aqnam;
692 3128 854 3206 posthunc
870 3145 988 3205 quoque
1003 3136 1100 3206 potus,

118 3209 241 3271 Condita
265 3231 332 3272 cum
353 3232 440 3273 verax
463 3215 557 3292 aperit
579 3214 749 3292 praecordia
772 3212 868 3272 Liber.

118 3295 175 3355 Hic
197 3296 250 3356 tibi
273 3298 365 3358 comis
388 3308 416 3360 et
438 3299 569 3359 urbanus
591 3299 725 3375 liberque
748 3298 870 3370 videtur,
1076 3305 1105 3355 99

116 3379 228 3441 1313333
252 3382 360 3459 nigris;
383 3401 437 3461 ego
460 3385 483 3444 si
506 3385 566 3457 risi,
590 3384 667 3461 quod
693 3385 810 3461 ineptus

115 3579 150 3631 lV
168 3596 191 3632 υ.
211 3583 268 3633 62
261 3583 377 3634 invenies
395 3586 489 3647 Porpla.
506 3582 646 3650 ldisoerpti
664 3585 800 3646 idemlb3
820 3599 918 3664 poema.
938 3582 972 3632 31.
988 3580 1042 3647 169
1055 3584 1100 3630 333

27 3650 57 3703 V
68 3648 219 3716 1313313)
237 3654 298 3700 313
309 3647 1101 3714 11031313331333333Ν331333311).333313339333113333133111-

24 3719 118 3769 3331133·
143 3717 189 3768 des
211 3717 314 3767 Plinius
339 3718 449 3769 01333133
451 3721 518 3770 adu
543 3723 604 3773 1881
628 3738 653 3785 p.
673 3722 687 3770 3
715 3721 720 3784 1
748 3723 779 3770 131
804 3735 858 3770 sum
887 3721 890 3783 1
918 3720 949 3770 ’13
969 3732 1019 3767 333
1038 3717 1073 3780 (o)
1095 3715 1100 3782 1

26 3788 85 3839 ’19
79 3785 169 3852 inquis
194 3785 198 3848 1
222 3786 254 3838 81
269 3778 487 3840 Absentem—85
507 3804 568 3840 3333
570 3785 614 3851 to’]
639 3789 793 3838 3333333333
813 3787 920 3836 Horatii
937 3788 1032 3834 merito
1052 3786 1099 3833 tri-

25 3857 84 3906 buit
103 3853 137 3904 H
157 3852 229 3904 Keole
246 3859 296 3904 331.
311 3870 405 3921 grymo.
424 3860 532 3909 31856
550 3874 575 3920 p.
596 3859 715 3920 860331
742 3858 817 3919 8133.
837 3855 909 3915 rodit,
928 3852 1036 3902 amicum
1055 3852 1099 3918 qui

23 3939 75 3976 non
95 3921 592 3992 Π33313313131331Κ3313133311).)181
612 3932 680 3975 amet
698 3927 732 3987 13)
