2474 4440
506 218 635 272 broborc
653 225 677 277 4.
696 227 719 275 5.

592 393 628 452 lV

203 507 294 586 Lupis
317 516 346 567 et
367 508 451 587 agnis
473 521 582 587 quanta
605 513 710 573 sortito
734 513 838 592 obtigit

250 591 361 652 Tecum
383 593 455 653 mibi
477 594 621 656 discordia
644 609 698 671 est,

204 676 349 738 Hibericis
371 687 491 756 peruste
514 681 635 742 funibus
656 683 732 744 latus

250 761 289 822 Et
310 781 395 823 crura
419 763 491 824 dura
514 766 672 845 compede;

202 847 285 907 Licet
306 847 454 926 superbus
476 849 608 911 ambules
629 853 764 931 pecunia,

249 932 380 993 Fortuna
404 953 464 994 non
488 943 580 995 mutat
602 954 706 1014 genus.

204 1019 338 1091 Videsne,
361 1036 472 1079 sacram
496 1021 637 1081 metiente
660 1031 688 1082 te
711 1023 803 1082 viam-

250 1105 322 1166 Cum
344 1102 390 1164 bis
411 1104 501 1164 trium
523 1105 659 1166 ulnarum
683 1118 760 1184 toga,

204 1192 241 1252 Ut
262 1208 313 1250 ora
335 1197 430 1248 vertat
451 1189 509 1250 buc
531 1200 560 1250 et
581 1191 639 1251 buc
662 1193 795 1253 euntium

248 1273 411 1336 Liberrima
433 1273 618 1353 indignatio?

201 1354 319 1421 ‘Sectus
340 1358 463 1438 flagellis
485 1359 533 1419 bic
556 1361 784 1422 triumviralibus

249 1445 409 1505 Praeconis
431 1444 467 1504 ad
489 1445 636 1506 fastidium

203 1533 271 1591 Arat
294 1529 412 1590 Falerni
434 1529 513 1589 mille
536 1530 619 1590 tundi
641 1530 741 1608 iugera

249 1615 286 1675 Et
307 1614 432 1693 Appiam
455 1615 572 1674 mannis
593 1615 663 1675 terit

203 1700 408 1778 sedilibusque
430 1717 555 1777 maguus
576 1701 607 1760 in
629 1701 731 1779 primis
753 1720 844 1781 eques

250 1785 367 1846 Othone
390 1792 561 1863 contempto
583 1785 673 1846 sedet.

204 1871 279 1941 Quid
302 1871 406 1930 attinet
428 1879 472 1931 tot
495 1888 545 1929 ora
570 1871 685 1930 navium
710 1871 789 1951 gravi

248 1956 381 2017 Rostrata
404 1956 472 2016 duci
494 1955 627 2033 pondere

203 2040 311 2102 Contra
333 2042 463 2102 latrones
485 2049 573 2118 atque
596 2040 728 2101 servilem
751 2059 871 2101 manum

248 2125 322 2199 Hoc,
344 2126 402 2187 boc
424 2125 545 2186 tribuno
568 2119 729 2185 militum‘l'

198 2547 250 2612 ‘At
273 2546 435 2611 o-deorum
459 2549 602 2627 quidquid
624 2550 653 2608 in
677 2550 757 2609 caelo
781 2549 855 2626 regit

249 2636 356 2696 Terras
379 2642 407 2693 et
428 2633 589 2695 humanum
613 2652 716 2712 genus,

201 2721 280 2792 Quid
303 2720 357 2780 iste
379 2719 437 2778 fert
458 2717 623 2779 tumultus‘l
646 2727 675 2779 et
698 2718 767 2796 quid
791 2719 938 2778 omnium>

249 2805 354 2867 Voltus
375 2803 404 2862 iu
428 2822 521 2863 unum
544 2823 591 2864 me
612 2801 732 2864 truces?

200 2893 260 2952 Per
281 2890 391 2951 liberos
414 2898 451 2962 te,
474 2890 499 2949 si
521 2898 621 2949 vocata
643 2887 787 2968 partubus

249 2976 361 3036 Lucina
383 2974 459 3034 veris
480 2974 582 3047 adfuit,

201 3063 262 3122 Per
282 3061 339 3122 hoc
361 3059 450 3118 inane
472 3077 623 3139 purpurae
646 3059 736 3118 decus
758 3075 873 3137 precor,

250 3145 308 3206 Per
329 3142 563 3222 improbaturum
586 3144 658 3204 baec
680 3143 788 3215 lovem,

201 3230 281 3301 Quid
304 3239 337 3291 ut
358 3247 484 3289 noverca
508 3248 554 3290 me
575 3229 699 3289 intueris
721 3237 771 3288 aut
793 3228 836 3287 uti
940 3303 943 3307 .

251 3314 346 3375 Petita
369 3316 447 3374 ferro
472 3306 593 3374 belua?'

201 3400 242 3460 Ut
263 3399 337 3460 haec
359 3400 497 3459 trementi
520 3408 641 3477 questus
664 3417 715 3459 ore
738 3398 870 3458 constitit

250 3484 421 3564 Insignibus
443 3484 533 3563 raptis
556 3502 638 3562 puer,

97 3657 282 3669 θ’...-

149 3772 188 3824 lV
209 3788 234 3821 o.
254 3772 269 3822 8
289 3770 374 3833 trium]
400 3769 426 3824 C.
449 3771 535 3820 Rartb
557 3770 659 3820 odom.
679 3769 728 3820 llV
753 3771 794 3830 26,
817 3767 916 3818 Bentl.:
941 3772 979 3817 ter
1006 3766 1010 3829 1
1041 3767 1070 3816 17
1090 3777 1147 3814 aera

105 3841 212 3899 Bentl.

151 3910 176 3961 V
198 3926 224 3959 v.
246 3911 260 3960 1
279 3908 347 3973 regis
365 3907 400 3970 (o)
416 3906 420 3973 Ι
437 3907 451 3957 3
471 3913 514 3956 aut
