2474 4440
476 218 783 274 cmmwhwoa

219 389 315 470 Nupta
339 390 394 449 iam
418 389 496 450 dices
516 382 585 467 ‘ego
608 391 653 452 dis
675 392 810 466 amicum,

221 473 345 556 Saeculo
369 476 457 534 festas
480 475 627 535 referente
650 476 739 550 luces,

221 559 344 620 Reddidi
367 577 485 619 carmen
510 559 612 620 docilis
634 561 789 622 modorum

296 644 375 705 Vatis
397 638 518 704 Horati.J

557 781 707 792 -—...

609 933 658 993 vlt

222 1049 372 1130 Diffugere
395 1051 485 1123 nisce,
509 1051 635 1111 redeunt
656 1053 712 1112 iam
736 1054 866 1131 gramina
890 1053 1001 1132 campis

269 1135 492 1214 Arboribusque
515 1153 625 1209 comae,

220 1217 314 1280 Mutat
336 1230 413 1280 terra
435 1221 513 1281 vicos
536 1229 565 1280 et
587 1221 787 1283 decrescentia
810 1222 889 1301 ripas

267 1304 403 1365 Flumina
426 1314 626 1385 praetereunt,

165 1397 179 1444 5
224 1390 320 1450 Gratia
344 1408 410 1450 cum
434 1391 576 1470 Nymphis
598 1391 782 1470 geminisque
805 1391 958 1453 sororibus
980 1391 1064 1452 audet

269 1475 384 1535 Ducere
408 1475 486 1535 nuda
509 1475 625 1536 choros.

221 1557 389 1620 Inmortalia
413 1578 451 1619 ne
473 1578 582 1639 speres,
606 1569 708 1620 monet
730 1579 827 1621 annus
849 1570 878 1621 et
899 1561 1008 1622 almum

269 1644 350 1715 Quae
373 1644 450 1722 rapit
471 1645 542 1704 hora
565 1645 651 1705 diem.

221 1728 342 1808 Frigora
365 1729 525 1790 mitescunt
547 1730 696 1809 Zephyris,
719 1749 770 1790 ver
792 1729 918 1808 proterit
939 1739 1032 1791 aestas

149 1820 177 1871 10
261 1814 430 1887 interitura,
453 1814 541 1874 simul

219 1898 349 1959 Pomiier
370 1908 529 1959 autumnus
550 1900 650 1978 fruges
675 1899 809 1960 effuderit
831 1909 860 1958 et
883 1917 951 1959 mox

269 1982 376 2044 Bruma
400 1984 526 2043 recurrit
548 1984 636 2044 iners.

222 2066 333 2129 Damna
356 2078 453 2129 tamen
478 2068 589 2129 celeres
611 2079 751 2148 reparant
773 2069 907 2130 caelestia
930 2069 1033 2129 lunae:

269 2153 329 2214 Nos
352 2151 401 2213 uhi
425 2153 596 2225 decidimus,

151 2244 178 2294 15
224 2236 289 2306 Quo
312 2247 395 2316 pater
417 2241 539 2312 Aeneas,
563 2256 622 2317 quo
645 2238 748 2300 Tullus
771 2239 850 2299 dives
872 2248 900 2299 et
921 2239 1034 2311 Ancus,

265 2322 363 2383 Pulvis
387 2331 415 2382 et
438 2323 541 2383 umbra
565 2342 675 2384 sumus.
699 2360 740 2368 -

221 2405 293 2476 Quis
316 2408 371 2468 scit
392 2426 428 2467 an
453 2408 579 2469 adiciant
601 2409 761 2469 hodiernae
784 2408 910 2469 crastina
933 2425 1067 2468 summae

269 2492 416 2571 Tempora
437 2492 465 2552 di
488 2491 611 2571 superi?

220 2573 331 2638 Cuncta
355 2595 461 2638 manus
484 2578 579 2638 avidas
602 2577 717 2655 fugient
739 2576 865 2650 heredis,
888 2577 982 2637 amico

148 2668 176 2718 20
262 2661 343 2732 Quae
365 2661 481 2722 dederis
503 2663 610 2722 animo.

222 2745 292 2806 Cum
316 2747 406 2808 semel
429 2747 573 2807 occideris
596 2756 624 2806 et
647 2746 682 2807 de
706 2754 734 2807 te
758 2746 910 2824 splendida
934 2746 1031 2808 Minos

268 2832 382 2893 Fecerit
405 2831 533 2904 arbitria,

220 2915 298 2988 Non,
321 2918 478 2995 Torquate,
502 2935 605 2996 gentis,
630 2934 689 2975 non
713 2925 743 2975 te
766 2914 912 2987 facundia,
936 2933 998 2975 non
1022 2921 1050 2975 tc

268 3001 413 3062 Restituet
435 3002 545 3080 pietas;

149 3092 177 3141 25
221 3084 349 3146 infernis
372 3105 470 3164 neque
493 3087 570 3146 enim
595 3083 727 3146 tenebris
750 3085 840 3144 Diana
864 3083 1005 3163 pudicum

267 3170 384 3231 Liberat
408 3171 598 3251 Hippolytum

221 3253 282 3315 Nec
304 3256 430 3315 Lethaea
453 3256 527 3315 valet
550 3257 680 3316 Theseus
704 3253 880 3333 abrumpere
902 3271 971 3313 caro

270 3339 391 3400 Vincula
414 3340 556 3400 Pirithoo.

93 3506 296 3515 ξ*

181 3620 1098 3691 Woffwffl=fflpmfflmhmtssfflfflw

96 3689 713 3759 smfflmmfflmsshffimfflm
