2474 4440
107 243 168 300 156
510 243 700 296 sartandum
717 245 737 296 11
756 247 779 298 2.

192 414 320 494 Aegrum
343 416 479 477 sollicitat
500 416 693 489 stomachum,
717 435 785 476 oum
807 417 908 497 rapula
930 418 1040 497 plenus

192 502 287 579 Atque
311 501 407 562 aoidas
430 503 536 562 mavolt
558 502 662 563 inulas.
705 502 838 562 Necdum
861 504 958 565 omnis
981 503 1083 564 abacta

193 584 352 665 Pauperies
374 587 469 666 epulis
491 606 607 665 regum;
633 605 698 647 nam
722 587 828 648 vilibus
851 588 912 649 ovis

192 670 350 749 Nigrisque
373 681 418 733 est
440 672 512 733 oleis
535 671 622 732 bodie
647 672 738 733 loeus
783 673 866 733 Haud
890 674 928 733 ita
952 673 1067 751 pridem

193 754 309 816 Galloni
332 758 488 834 praeconis
510 767 573 817 erat
595 758 766 836 acipensere
790 776 890 819 mensa

192 840 321 902 lnlamis.
350 839 450 912 Quid?
467 851 528 902 tum
545 841 686 903 rhombos
701 843 799 903 minus
815 862 927 922 aequor
941 841 1060 904 alebat?

195 925 289 986 Tutus
311 935 372 986 erat
395 926 538 989 rhombus
560 936 684 1005 tutoque
707 928 822 988 oioonia
846 928 924 1000 nido,

194 1010 297 1071 [laneo
319 1030 371 1072 vos
393 1023 496 1072 auotor
519 1013 619 1073 docuit
641 1013 815 1091 praetorius.
860 1012 939 1092 Ergo

193 1094 292 1174 Siquis
315 1115 396 1157 nune
419 1115 536 1176 mergos
558 1097 654 1158 suavis
676 1097 800 1158 edixerit
822 1116 911 1170 assos,

193 1180 312 1242 Parebit
334 1182 416 1260 pravi
440 1182 543 1243 dooilis
565 1183 697 1242 Romana
720 1182 867 1244 iuventus.
890 1219 932 1230 -

194 1265 336 1328 Sordidus
360 1285 375 1326 5
397 1269 480 1328 tenui
503 1268 580 1328 viotu
604 1266 731 1341 distabit,
755 1267 850 1329 Olello

193 1350 308 1424 ludieo;
332 1371 400 1413 nam
423 1353 531 1414 lrustra
552 1353 655 1413 vitium
680 1353 813 1414 vitaveris
835 1353 916 1426 illud,

195 1435 226 1496 Si
248 1445 277 1496 te
299 1438 356 1497 alio
380 1456 501 1517 pravum
524 1438 692 1499 detorseris.
736 1437 904 1510 Avidienus,

194 1520 247 1581 Cui
271 1521 357 1585 Canis
381 1542 416 1583 ex
439 1542 507 1583 vero
531 1523 651 1583 duetum
675 1541 840 1602 cognomen
865 1523 1013 1595 adhaeret,

103 1621 106 1624 ’
193 1606 404 1687 Quinquennis
426 1609 506 1669 oleas
528 1619 572 1669 est
594 1617 623 1668 51
645 1608 787 1669 silvestria
810 1627 910 1681 eorna,

193 1696 233 1752 Ao
257 1694 312 1755 nisi
335 1703 478 1754 mutatum
501 1694 595 1773 parcit
618 1694 780 1754 defundere
802 1694 903 1753 vinum
926 1702 955 1754 et

193 1776 283 1839 Cuius
305 1781 427 1840 odorem
451 1774 507 1840 olei
531 1797 661 1857 nequeas
682 1779 824 1858 perferre,
847 1778 948 1839 licebit

193 1862 245 1924 llle
267 1865 391 1943 repotia,
415 1865 519 1926 natalis
542 1864 649 1925 aliosve
672 1863 785 1925 dierum

194 1948 296 2010 Festos
317 1948 431 2010 albatus
454 1949 592 2022 celebret,
616 1966 711 2009 cornu
734 1949 797 2028 ipse
819 1947 919 2009 bilibri

194 2032 331 2095 Caulibus
354 2034 482 2108 instillat,
505 2034 610 2094 veteris
634 2052 694 2094 non
719 2052 826 2112 parcus
848 2034 932 2095 aceti.

194 2118 279 2189 Quali
302 2119 391 2198 igitur
413 2120 491 2180 victu
514 2119 633 2198 sapiens
655 2128 754 2180 utetur
777 2128 806 2179 et
827 2119 933 2180 borum

195 2203 301 2264 Utrum
317 2202 501 2265 imitabitur?
523 2204 586 2264 Hae
603 2214 689 2281 urget
703 2204 800 2284 lupus,
817 2203 977 2278 baccanis,
994 2204 1090 2266 aiunt.

195 2288 324 2350 blundus
346 2290 402 2350 erit
425 2308 480 2368 qua
505 2308 566 2349 non
590 2289 720 2350 offendat
742 2288 878 2350 sordibus
901 2298 990 2369 atque

194 2372 227 2434 ln
253 2384 388 2434 neutram
411 2384 525 2454 partem
549 2374 645 2436 cultus
669 2375 766 2435 miser.
810 2373 867 2434 Hie
889 2393 986 2454 neque
1009 2377 1115 2450 servis,

195 2459 299 2519 Albuoi
321 2460 401 2521 senis
424 2461 567 2538 exemplo,
591 2459 660 2520 dum
683 2460 781 2520 munia
804 2459 885 2533 didit,

193 2545 303 2605 Saevus
324 2546 380 2605 erit
403 2564 458 2605 nee
480 2545 532 2618 sio,
555 2554 588 2604 ut
609 2545 733 2625 simplex
755 2545 889 2616 Naevius,
911 2553 1032 2606 unctam

195 2630 328 2691 Convivis
344 2631 499 2709 praebebit
514 2648 634 2708 aquam3
649 2631 752 2690 vitium
767 2631 823 2690 boo
838 2649 959 2708 quoque
974 2648 1127 2708 magnum.

194 2716 303 2794 Aooipe
327 2735 418 2788 nuuc,
441 2716 534 2776 vietus
557 2715 656 2776 tenuis
679 2734 754 2793 quae
777 2724 945 2794 quantaque
967 2734 1068 2777 seeum

194 2801 322 2864 Adferat.
366 2801 400 2861 ln
425 2801 527 2880 primis
548 2800 641 2861 valeas
664 2801 758 2873 bene;
782 2819 848 2860 nam
870 2801 966 2862 variae
988 2820 1037 2861 res

195 2886 233 2946 Ut
255 2895 384 2946 noceant
406 2886 527 2958 bomini,
551 2886 662 2958 eredas,
686 2904 799 2946 memor
821 2886 899 2946 illius
921 2904 1014 2959 escae,

194 2970 276 3040 Quae
299 2971 423 3051 simplex
446 2971 514 3031 olim
538 2970 591 3031 tibi
613 2972 736 3042 saderit;
762 2980 792 3030 at
812 2971 900 3032 simul
923 2971 995 3032 assis

194 3055 348 3117 Miscueris
372 3056 454 3128 elixa,
479 3056 567 3116 simul
589 3056 742 3136 conchylia
765 3056 867 3130 turdis,

194 3140 295 3200 1151515
318 3160 349 3201 55
372 3142 402 3203 in
427 3141 515 3202 bilem
538 3150 653 3201 vertent
676 3142 886 3220 stomachoque
907 3142 1068 3203 tumultum

196 3225 289 3286 Lenta
312 3227 387 3287 leret
408 3228 521 3305 pituita.
567 3226 662 3300 Vides,
687 3235 718 3288 ut
742 3227 865 3307 pallidus
888 3227 985 3288 omnis

197 3310 276 3370 Cena
299 3312 437 3389 desurgat
459 3309 570 3372 dubia?
593 3313 664 3389 quin
689 3331 797 3391 corpus
819 3320 961 3372 onustum

194 3395 348 3456 Hesternis
370 3398 446 3458 vitiis
470 3398 600 3457 animum
624 3415 743 3475 quoque
765 3406 938 3476 praegravat
959 3415 1020 3456 una

194 3482 289 3558 Atque
312 3482 413 3562 adtigit
434 3483 525 3542 bumo
548 3481 662 3541 divinae
685 3481 857 3560 particulam
880 3500 984 3558 aurae3

89 3576 90 3580 ’
196 3566 286 3639 Alter,
311 3567 361 3627 ubi
385 3568 464 3627 dieto
487 3567 573 3627 eitius
595 3574 695 3627 curata
718 3567 817 3646 sopori

199 3801 366 3854 1154811155
381 3801 384 3867 1
401 3816 510 3867 aequora
522 3802 624 3852 alebant
639 3802 643 3865 Ι
660 3805 691 3854 50
702 3804 798 3863 auctor]
807 3826 842 3846 =
854 3817 876 3852 υ.
891 3801 906 3850 l.
920 3817 963 3865 ap.
973 3803 1081 3868 rapu:
1099 3801 1132 3853 uie

108 3871 203 3935 Porpb,
227 3870 231 3935 Ι
254 3873 286 3923 53
305 3869 419 3931 distabit]
438 3873 485 3932 (o):
504 3869 615 3920 distabat
635 3870 639 3935 1
660 3873 692 3922 55
710 3885 805 3936 prauus
822 3871 857 3934 (a)
873 3872 877 3932 Ι
892 3868 1044 3922 Aufidianus
1061 3868 1132 3935 (5111

109 3939 142 3989 56
161 3937 275 4000 ductum]
293 3961 326 3980 =
344 3939 391 3988 13⁰:
412 3937 575 4004 (1151515161
594 3938 664 3989 canis
682 3939 752 4004 angit
769 3939 803 4001 (o)
819 3939 871 4002 165
890 3939 934 4004 qui
967 3984 969 3989 ,
