<?xml version="1.0" encoding="UTF-8"?>
<!DOCTYPE html PUBLIC "-//W3C//DTD XHTML 1.0 Transitional//EN"
    "http://www.w3.org/TR/xhtml1/DTD/xhtml1-transitional.dtd">
<html xmlns="http://www.w3.org/1999/xhtml" xml:lang="en" lang="en">
 <head>
  <title>
</title>
<meta http-equiv="Content-Type" content="text/html;charset=utf-8" />
  <meta name='ocr-system' content='tesseract 3.04.00' />
  <meta name='ocr-capabilities' content='ocr_page ocr_carea ocr_par ocr_line ocrx_word'/>
</head>
<body>
  <div class='ocr_page' id='page_1' title='image "./qhoratiiflaccic00hertgoog_0073.png"; bbox 0 0 2520 4434; ppageno 0'>
   <div class='ocr_carea' id='block_1_1' title="bbox 489 223 791 279">
    <p class='ocr_par' dir='ltr' id='par_1_1' title="bbox 489 223 791 279">
     <span class='ocr_line' id='line_1_1' title="bbox 489 223 791 279; baseline 0.013 -4"><span class='ocrx_word' id='word_1_1' title='bbox 489 223 659 276; x_wconf 82' lang='lat' dir='ltr'><strong>CARMINUM</strong></span> <span class='ocrx_word' id='word_1_2' title='bbox 678 225 707 277; x_wconf 86' lang='grc' dir='ltr'>ΙΙΙ</span> <span class='ocrx_word' id='word_1_3' title='bbox 726 229 749 279; x_wconf 83' lang='grc'>5.</span> <span class='ocrx_word' id='word_1_4' title='bbox 768 228 791 279; x_wconf 86' lang='grc'>6.</span> 
     </span>
    </p>
   </div>
   <div class='ocr_carea' id='block_1_2' title="bbox 162 394 871 713">
    <p class='ocr_par' dir='ltr' id='par_1_2' title="bbox 162 394 871 713">
     <span class='ocr_line' id='line_1_2' title="bbox 235 394 787 477; baseline 0.005 -23"><span class='ocrx_word' id='word_1_5' title='bbox 235 396 328 466; x_wconf 82' lang='lat' dir='ltr'>Quam</span> <span class='ocrx_word' id='word_1_6' title='bbox 351 396 375 454; x_wconf 89' lang='lat' dir='ltr'>si</span> <span class='ocrx_word' id='word_1_7' title='bbox 398 394 536 456; x_wconf 90' lang='lat' dir='ltr'>clientum</span> <span class='ocrx_word' id='word_1_8' title='bbox 561 398 648 476; x_wconf 88' lang='lat' dir='ltr'>longa</span> <span class='ocrx_word' id='word_1_9' title='bbox 672 399 787 477; x_wconf 91' lang='lat' dir='ltr'>negotia</span> 
     </span>
     <span class='ocr_line' id='line_1_3' title="bbox 235 479 681 559; baseline 0.004 -19"><span class='ocrx_word' id='word_1_10' title='bbox 235 479 395 540; x_wconf 89' lang='lat' dir='ltr'>Diiudicata</span> <span class='ocrx_word' id='word_1_11' title='bbox 419 480 468 540; x_wconf 88' lang='lat' dir='ltr'>lite</span> <span class='ocrx_word' id='word_1_12' title='bbox 491 482 681 559; x_wconf 81' lang='lat' dir='ltr'>relinqueret,</span> 
     </span>
     <span class='ocr_line' id='line_1_4' title="bbox 162 565 782 644; baseline 0.008 -21"><span class='ocrx_word' id='word_1_13' title='bbox 162 576 190 623; x_wconf 80' lang='lat'>55</span> <span class='ocrx_word' id='word_1_14' title='bbox 277 565 415 625; x_wconf 86' lang='lat' dir='ltr'>Tendens</span> <span class='ocrx_word' id='word_1_15' title='bbox 439 566 620 627; x_wconf 78' lang='lat' dir='ltr'><strong>Venafranos</strong></span> <span class='ocrx_word' id='word_1_16' title='bbox 643 567 671 626; x_wconf 97' lang='lat' dir='ltr'>in</span> <span class='ocrx_word' id='word_1_17' title='bbox 696 585 782 644; x_wconf 90' lang='lat' dir='ltr'>agros</span> 
     </span>
     <span class='ocr_line' id='line_1_5' title="bbox 331 649 871 713; baseline 0.006 -5"><span class='ocrx_word' id='word_1_18' title='bbox 331 650 386 709; x_wconf 80' lang='lat' dir='ltr'>Aut</span> <span class='ocrx_word' id='word_1_19' title='bbox 411 649 676 711; x_wconf 74' lang='lat' dir='ltr'>lacedaemonium</span> <span class='ocrx_word' id='word_1_20' title='bbox 700 652 871 713; x_wconf 82' lang='lat' dir='ltr'><strong>Tarentum.</strong></span> 
     </span>
    </p>
   </div>
   <div class='ocr_carea' id='block_1_3' title="bbox 626 971 661 1029">
    <p class='ocr_par' dir='ltr' id='par_1_3' title="bbox 626 971 661 1029">
     <span class='ocr_line' id='line_1_6' title="bbox 626 971 661 1029; baseline 0.029 -1"><span class='ocrx_word' id='word_1_21' title='bbox 626 971 661 1029; x_wconf 92' lang='lat' dir='ltr'>Vl</span> 
     </span>
    </p>
   </div>
   <div class='ocr_carea' id='block_1_4' title="bbox 233 1087 822 1419">
    <p class='ocr_par' dir='ltr' id='par_1_4' title="bbox 233 1087 780 1161">
     <span class='ocr_line' id='line_1_7' title="bbox 233 1087 780 1161; baseline -0.004 -11"><span class='ocrx_word' id='word_1_22' title='bbox 233 1090 341 1150; x_wconf 79' lang='lat' dir='ltr'>Delicta</span> <span class='ocrx_word' id='word_1_23' title='bbox 364 1089 506 1148; x_wconf 89' lang='lat' dir='ltr'>maiorum</span> <span class='ocrx_word' id='word_1_24' title='bbox 530 1088 685 1148; x_wconf 90' lang='lat' dir='ltr'>inmeritus</span> <span class='ocrx_word' id='word_1_25' title='bbox 708 1087 780 1161; x_wconf 85' lang='lat' dir='ltr'>lues,</span> 
     </span>
    </p>

    <p class='ocr_par' dir='ltr' id='par_1_5' title="bbox 233 1173 786 1251">
     <span class='ocr_line' id='line_1_8' title="bbox 233 1173 786 1251; baseline -0.004 -15"><span class='ocrx_word' id='word_1_26' title='bbox 233 1178 375 1246; x_wconf 83' lang='lat' dir='ltr'>Romane,</span> <span class='ocrx_word' id='word_1_27' title='bbox 398 1175 493 1233; x_wconf 86' lang='lat' dir='ltr'>donec</span> <span class='ocrx_word' id='word_1_28' title='bbox 516 1173 623 1251; x_wconf 92' lang='lat' dir='ltr'>templa</span> <span class='ocrx_word' id='word_1_29' title='bbox 647 1173 786 1234; x_wconf 86' lang='lat' dir='ltr'>relcceris</span> 
     </span>
    </p>

    <p class='ocr_par' dir='ltr' id='par_1_6' title="bbox 273 1257 822 1419">
     <span class='ocr_line' id='line_1_9' title="bbox 273 1257 762 1335; baseline -0.002 -17"><span class='ocrx_word' id='word_1_30' title='bbox 273 1259 418 1335; x_wconf 72' lang='lat' dir='ltr'>dedisque</span> <span class='ocrx_word' id='word_1_31' title='bbox 440 1257 565 1317; x_wconf 90' lang='lat' dir='ltr'>labentis</span> <span class='ocrx_word' id='word_1_32' title='bbox 587 1257 709 1316; x_wconf 89' lang='lat' dir='ltr'>deorum</span> <span class='ocrx_word' id='word_1_33' title='bbox 734 1266 762 1317; x_wconf 93' lang='lat' dir='ltr'>et</span> 
     </span>
     <span class='ocr_line' id='line_1_10' title="bbox 328 1342 822 1419; baseline 0 -17"><span class='ocrx_word' id='word_1_34' title='bbox 328 1342 424 1402; x_wconf 85' lang='lat' dir='ltr'>Foeda</span> <span class='ocrx_word' id='word_1_35' title='bbox 448 1343 532 1419; x_wconf 91' lang='lat' dir='ltr'>nigro</span> <span class='ocrx_word' id='word_1_36' title='bbox 555 1343 708 1401; x_wconf 89' lang='lat' dir='ltr'>simulacra</span> <span class='ocrx_word' id='word_1_37' title='bbox 731 1343 822 1402; x_wconf 89' lang='lat' dir='ltr'>lumo.</span> 
     </span>
    </p>
   </div>
   <div class='ocr_carea' id='block_1_5' title="bbox 173 1460 962 1794">
    <p class='ocr_par' dir='ltr' id='par_1_7' title="bbox 173 1460 962 1794">
     <span class='ocr_line' id='line_1_11' title="bbox 173 1460 878 1539; baseline -0.004 -17"><span class='ocrx_word' id='word_1_38' title='bbox 173 1476 186 1522; x_wconf 77' lang='lat' dir='ltr'>a</span> <span class='ocrx_word' id='word_1_39' title='bbox 231 1462 280 1522; x_wconf 87' lang='lat' dir='ltr'>Dis</span> <span class='ocrx_word' id='word_1_40' title='bbox 302 1471 331 1521; x_wconf 94' lang='lat' dir='ltr'>te</span> <span class='ocrx_word' id='word_1_41' title='bbox 354 1461 498 1520; x_wconf 84' lang='lat' dir='ltr'>minorem</span> <span class='ocrx_word' id='word_1_42' title='bbox 523 1460 601 1537; x_wconf 89' lang='lat' dir='ltr'>quod</span> <span class='ocrx_word' id='word_1_43' title='bbox 624 1460 711 1537; x_wconf 84' lang='lat' dir='ltr'>geris,</span> <span class='ocrx_word' id='word_1_44' title='bbox 734 1460 878 1539; x_wconf 86' lang='lat' dir='ltr'>imperas:</span> 
     </span>
     <span class='ocr_line' id='line_1_12' title="bbox 231 1545 962 1624; baseline -0.004 -17"><span class='ocrx_word' id='word_1_45' title='bbox 231 1546 308 1607; x_wconf 90' lang='lat' dir='ltr'>Hinc</span> <span class='ocrx_word' id='word_1_46' title='bbox 332 1564 420 1605; x_wconf 90' lang='lat' dir='ltr'>omne</span> <span class='ocrx_word' id='word_1_47' title='bbox 443 1545 632 1624; x_wconf 88' lang='lat' dir='ltr'>principium,</span> <span class='ocrx_word' id='word_1_48' title='bbox 655 1545 714 1604; x_wconf 86' lang='lat' dir='ltr'>huc</span> <span class='ocrx_word' id='word_1_49' title='bbox 737 1548 816 1604; x_wconf 89' lang='lat' dir='ltr'>relor</span> <span class='ocrx_word' id='word_1_50' title='bbox 839 1545 962 1606; x_wconf 86' lang='lat' dir='ltr'>exituml</span> 
     </span>
     <span class='ocr_line' id='line_1_13' title="bbox 273 1629 740 1709; baseline -0.009 -17"><span class='ocrx_word' id='word_1_51' title='bbox 273 1633 307 1692; x_wconf 89' lang='lat' dir='ltr'>Di</span> <span class='ocrx_word' id='word_1_52' title='bbox 331 1631 420 1690; x_wconf 89' lang='lat' dir='ltr'>multa</span> <span class='ocrx_word' id='word_1_53' title='bbox 445 1630 570 1709; x_wconf 78' lang='lat' dir='ltr'>neglecti</span> <span class='ocrx_word' id='word_1_54' title='bbox 595 1629 740 1689; x_wconf 90' lang='lat' dir='ltr'>dederunt</span> 
     </span>
     <span class='ocr_line' id='line_1_14' title="bbox 331 1715 772 1794; baseline 0.002 -20"><span class='ocrx_word' id='word_1_55' title='bbox 331 1715 489 1794; x_wconf 82' lang='lat' dir='ltr'>Hesperiae</span> <span class='ocrx_word' id='word_1_56' title='bbox 513 1715 586 1773; x_wconf 89' lang='lat' dir='ltr'>mala</span> <span class='ocrx_word' id='word_1_57' title='bbox 610 1715 772 1776; x_wconf 76' lang='lat' dir='ltr'>luctuosae.</span> 
     </span>
    </p>
   </div>
   <div class='ocr_carea' id='block_1_6' title="bbox 162 1832 843 2165">
    <p class='ocr_par' dir='ltr' id='par_1_8' title="bbox 162 1832 843 2165">
     <span class='ocr_line' id='line_1_15' title="bbox 230 1832 843 1894; baseline 0 -2"><span class='ocrx_word' id='word_1_58' title='bbox 230 1834 289 1893; x_wconf 92' lang='lat' dir='ltr'>lam</span> <span class='ocrx_word' id='word_1_59' title='bbox 314 1834 360 1894; x_wconf 93' lang='lat' dir='ltr'>bis</span> <span class='ocrx_word' id='word_1_60' title='bbox 383 1833 536 1893; x_wconf 88' lang='lat' dir='ltr'>Monaeses</span> <span class='ocrx_word' id='word_1_61' title='bbox 559 1842 587 1892; x_wconf 89' lang='lat' dir='ltr'>et</span> <span class='ocrx_word' id='word_1_62' title='bbox 611 1832 712 1891; x_wconf 87' lang='lat' dir='ltr'>Pacori</span> <span class='ocrx_word' id='word_1_63' title='bbox 738 1849 843 1892; x_wconf 90' lang='lat' dir='ltr'>manus</span> 
     </span>
     <span class='ocr_line' id='line_1_16' title="bbox 162 1917 796 1996; baseline -0.003 -19"><span class='ocrx_word' id='word_1_64' title='bbox 162 1930 188 1977; x_wconf 86' lang='lat'>10</span> <span class='ocrx_word' id='word_1_65' title='bbox 234 1919 299 1978; x_wconf 91' lang='lat' dir='ltr'>Non</span> <span class='ocrx_word' id='word_1_66' title='bbox 325 1919 491 1996; x_wconf 86' lang='lat' dir='ltr'>auspicatos</span> <span class='ocrx_word' id='word_1_67' title='bbox 514 1918 648 1977; x_wconf 92' lang='lat' dir='ltr'>contudit</span> <span class='ocrx_word' id='word_1_68' title='bbox 670 1917 796 1996; x_wconf 90' lang='lat' dir='ltr'>impetus</span> 
     </span>
     <span class='ocr_line' id='line_1_17' title="bbox 270 2002 763 2080; baseline -0.008 -17"><span class='ocrx_word' id='word_1_69' title='bbox 270 2005 393 2063; x_wconf 79' lang='lat' dir='ltr'>Nostros</span> <span class='ocrx_word' id='word_1_70' title='bbox 416 2012 444 2061; x_wconf 89' lang='lat' dir='ltr'>et</span> <span class='ocrx_word' id='word_1_71' title='bbox 465 2003 604 2062; x_wconf 87' lang='lat' dir='ltr'>adiecisse</span> <span class='ocrx_word' id='word_1_72' title='bbox 627 2002 763 2080; x_wconf 89' lang='lat' dir='ltr'>praedam</span> 
     </span>
     <span class='ocr_line' id='line_1_18' title="bbox 327 2086 778 2165; baseline -0.007 -18"><span class='ocrx_word' id='word_1_73' title='bbox 327 2087 495 2165; x_wconf 85' lang='lat' dir='ltr'>Torquibus</span> <span class='ocrx_word' id='word_1_74' title='bbox 518 2087 630 2165; x_wconf 83' lang='lat' dir='ltr'>exiguis</span> <span class='ocrx_word' id='word_1_75' title='bbox 652 2086 778 2145; x_wconf 88' lang='lat' dir='ltr'>renidet.</span> 
     </span>
    </p>
   </div>
   <div class='ocr_carea' id='block_1_7' title="bbox 157 2204 821 2534">
    <p class='ocr_par' dir='ltr' id='par_1_9' title="bbox 228 2204 807 2367">
     <span class='ocr_line' id='line_1_19' title="bbox 229 2204 737 2282; baseline -0.008 -15"><span class='ocrx_word' id='word_1_76' title='bbox 229 2209 325 2267; x_wconf 85' lang='lat' dir='ltr'>Paene</span> <span class='ocrx_word' id='word_1_77' title='bbox 348 2215 519 2282; x_wconf 89' lang='lat' dir='ltr'>occupatam</span> <span class='ocrx_word' id='word_1_78' title='bbox 544 2204 737 2264; x_wconf 86' lang='lat' dir='ltr'>seditionibus</span> 
     </span>
     <span class='ocr_line' id='line_1_20' title="bbox 228 2289 807 2367; baseline -0.009 -15"><span class='ocrx_word' id='word_1_79' title='bbox 228 2290 339 2352; x_wconf 85' lang='lat' dir='ltr'>Delevit</span> <span class='ocrx_word' id='word_1_80' title='bbox 361 2289 464 2349; x_wconf 89' lang='lat' dir='ltr'>urbem</span> <span class='ocrx_word' id='word_1_81' title='bbox 487 2290 583 2350; x_wconf 88' lang='lat' dir='ltr'>llaous</span> <span class='ocrx_word' id='word_1_82' title='bbox 606 2298 635 2348; x_wconf 91' lang='lat' dir='ltr'>et</span> <span class='ocrx_word' id='word_1_83' title='bbox 656 2289 807 2367; x_wconf 80' lang='lat' dir='ltr'>Aethiops,</span> 
     </span>
    </p>

    <p class='ocr_par' dir='ltr' id='par_1_10' title="bbox 157 2366 821 2534">
     <span class='ocr_line' id='line_1_21' title="bbox 157 2366 714 2447; baseline -0.007 -12"><span class='ocrx_word' id='word_1_84' title='bbox 157 2387 184 2435; x_wconf 79' lang='lat'>15</span> <span class='ocrx_word' id='word_1_85' title='bbox 272 2376 325 2435; x_wconf 88' lang='lat' dir='ltr'>Hic</span> <span class='ocrx_word' id='word_1_86' title='bbox 348 2366 438 2434; x_wconf 88' lang='lat' dir='ltr'>classe</span> <span class='ocrx_word' id='word_1_87' title='bbox 462 2375 643 2447; x_wconf 86' lang='lat' dir='ltr'>lormidatns,</span> <span class='ocrx_word' id='word_1_88' title='bbox 667 2374 714 2432; x_wconf 90' lang='lat' dir='ltr'>ille</span> 
     </span>
     <span class='ocr_line' id='line_1_22' title="bbox 326 2458 821 2534; baseline -0.006 -16"><span class='ocrx_word' id='word_1_89' title='bbox 326 2459 484 2519; x_wconf 87' lang='lat' dir='ltr'>Missilibus</span> <span class='ocrx_word' id='word_1_90' title='bbox 507 2459 613 2518; x_wconf 90' lang='lat' dir='ltr'>melior</span> <span class='ocrx_word' id='word_1_91' title='bbox 635 2458 756 2534; x_wconf 90' lang='lat' dir='ltr'>sagittis.</span> <span class='ocrx_word' id='word_1_92' title='bbox 780 2495 821 2502; x_wconf 91' lang='lat'>—</span> 
     </span>
    </p>
   </div>
   <div class='ocr_carea' id='block_1_8' title="bbox 154 2576 934 2912">
    <p class='ocr_par' dir='ltr' id='par_1_11' title="bbox 154 2576 934 2912">
     <span class='ocr_line' id='line_1_23' title="bbox 228 2576 770 2657; baseline -0.004 -18"><span class='ocrx_word' id='word_1_93' title='bbox 228 2579 364 2640; x_wconf 84' lang='lat' dir='ltr'>Fecunda</span> <span class='ocrx_word' id='word_1_94' title='bbox 388 2578 489 2657; x_wconf 90' lang='lat' dir='ltr'>culpae</span> <span class='ocrx_word' id='word_1_95' title='bbox 513 2576 627 2637; x_wconf 87' lang='lat' dir='ltr'>saecula</span> <span class='ocrx_word' id='word_1_96' title='bbox 651 2576 770 2655; x_wconf 90' lang='lat' dir='ltr'>nuptias</span> 
     </span>
     <span class='ocr_line' id='line_1_24' title="bbox 228 2661 934 2740; baseline -0.008 -16"><span class='ocrx_word' id='word_1_97' title='bbox 228 2664 356 2724; x_wconf 87' lang='lat' dir='ltr'>Primum</span> <span class='ocrx_word' id='word_1_98' title='bbox 380 2663 572 2740; x_wconf 87' lang='lat' dir='ltr'>inquinavere</span> <span class='ocrx_word' id='word_1_99' title='bbox 594 2670 624 2721; x_wconf 92' lang='lat' dir='ltr'>et</span> <span class='ocrx_word' id='word_1_100' title='bbox 646 2680 740 2740; x_wconf 90' lang='lat' dir='ltr'>genus</span> <span class='ocrx_word' id='word_1_101' title='bbox 763 2669 792 2721; x_wconf 92' lang='lat' dir='ltr'>et</span> <span class='ocrx_word' id='word_1_102' title='bbox 814 2661 934 2721; x_wconf 90' lang='lat' dir='ltr'>domos:</span> 
     </span>
     <span class='ocr_line' id='line_1_25' title="bbox 273 2747 707 2808; baseline -0.005 -2"><span class='ocrx_word' id='word_1_103' title='bbox 273 2749 335 2808; x_wconf 86' lang='lat' dir='ltr'>Hoc</span> <span class='ocrx_word' id='word_1_104' title='bbox 357 2751 438 2808; x_wconf 91' lang='lat' dir='ltr'>lonte</span> <span class='ocrx_word' id='word_1_105' title='bbox 461 2747 587 2807; x_wconf 91' lang='lat' dir='ltr'>derivata</span> <span class='ocrx_word' id='word_1_106' title='bbox 611 2747 707 2806; x_wconf 91' lang='lat' dir='ltr'>clades</span> 
     </span>
     <span class='ocr_line' id='line_1_26' title="bbox 154 2829 844 2912; baseline -0.009 -18"><span class='ocrx_word' id='word_1_107' title='bbox 154 2846 181 2894; x_wconf 82' lang='lat'>20</span> <span class='ocrx_word' id='word_1_108' title='bbox 324 2834 356 2893; x_wconf 89' lang='lat' dir='ltr'>lo</span> <span class='ocrx_word' id='word_1_109' title='bbox 381 2834 504 2912; x_wconf 90' lang='lat' dir='ltr'>patriam</span> <span class='ocrx_word' id='word_1_110' title='bbox 527 2832 731 2908; x_wconf 90' lang='lat' dir='ltr'>populumque</span> <span class='ocrx_word' id='word_1_111' title='bbox 753 2829 844 2888; x_wconf 81' lang='lat' dir='ltr'>fluxit.</span> 
     </span>
    </p>
   </div>
   <div class='ocr_carea' id='block_1_9' title="bbox 226 2943 796 3279">
    <p class='ocr_par' dir='ltr' id='par_1_12' title="bbox 226 2943 796 3279">
     <span class='ocr_line' id='line_1_27' title="bbox 226 2943 714 3029; baseline -0.01 -17"><span class='ocrx_word' id='word_1_112' title='bbox 226 2953 321 3012; x_wconf 87' lang='lat' dir='ltr'>Motus</span> <span class='ocrx_word' id='word_1_113' title='bbox 344 2952 445 3011; x_wconf 91' lang='lat' dir='ltr'>doceri</span> <span class='ocrx_word' id='word_1_114' title='bbox 468 2949 575 3029; x_wconf 91' lang='lat' dir='ltr'>gaudet</span> <span class='ocrx_word' id='word_1_115' title='bbox 597 2943 714 3008; x_wconf 89' lang='lat' dir='ltr'>lonicos</span> 
     </span>
     <span class='ocr_line' id='line_1_28' title="bbox 226 3033 771 3114; baseline -0.007 -18"><span class='ocrx_word' id='word_1_116' title='bbox 226 3038 336 3097; x_wconf 88' lang='lat' dir='ltr'>Matura</span> <span class='ocrx_word' id='word_1_117' title='bbox 358 3037 441 3114; x_wconf 84' lang='lat' dir='ltr'>virgo</span> <span class='ocrx_word' id='word_1_118' title='bbox 464 3045 493 3095; x_wconf 91' lang='lat' dir='ltr'>et</span> <span class='ocrx_word' id='word_1_119' title='bbox 515 3033 637 3111; x_wconf 88' lang='lat' dir='ltr'>fingitur</span> <span class='ocrx_word' id='word_1_120' title='bbox 659 3033 771 3092; x_wconf 92' lang='lat' dir='ltr'>artibus</span> 
     </span>
     <span class='ocr_line' id='line_1_29' title="bbox 273 3119 777 3180; baseline -0.004 0"><span class='ocrx_word' id='word_1_121' title='bbox 273 3121 330 3180; x_wconf 92' lang='lat' dir='ltr'>lam</span> <span class='ocrx_word' id='word_1_122' title='bbox 355 3140 436 3180; x_wconf 92' lang='lat' dir='ltr'>nuno</span> <span class='ocrx_word' id='word_1_123' title='bbox 460 3130 489 3180; x_wconf 91' lang='lat' dir='ltr'>et</span> <span class='ocrx_word' id='word_1_124' title='bbox 511 3119 640 3178; x_wconf 81' lang='lat' dir='ltr'>incestos</span> <span class='ocrx_word' id='word_1_125' title='bbox 662 3135 777 3178; x_wconf 90' lang='lat' dir='ltr'>amores</span> 
     </span>
     <span class='ocr_line' id='line_1_30' title="bbox 324 3202 796 3279; baseline -0.008 -14"><span class='ocrx_word' id='word_1_126' title='bbox 324 3205 365 3265; x_wconf 87' lang='lat' dir='ltr'>De</span> <span class='ocrx_word' id='word_1_127' title='bbox 386 3216 490 3266; x_wconf 88' lang='lat' dir='ltr'>tenero</span> <span class='ocrx_word' id='word_1_128' title='bbox 514 3204 672 3262; x_wconf 90' lang='lat' dir='ltr'>meditatur</span> <span class='ocrx_word' id='word_1_129' title='bbox 694 3202 796 3279; x_wconf 91' lang='lat' dir='ltr'>ungui.</span> 
     </span>
    </p>
   </div>
   <div class='ocr_carea' id='block_1_10' title="bbox 153 3321 767 3647">
    <p class='ocr_par' dir='ltr' id='par_1_13' title="bbox 153 3321 767 3647">
     <span class='ocr_line' id='line_1_31' title="bbox 153 3321 754 3400; baseline -0.007 -17"><span class='ocrx_word' id='word_1_130' title='bbox 153 3335 180 3383; x_wconf 77' lang='lat'>25</span> <span class='ocrx_word' id='word_1_131' title='bbox 226 3322 293 3382; x_wconf 87' lang='lat' dir='ltr'>Mox</span> <span class='ocrx_word' id='word_1_132' title='bbox 316 3323 446 3383; x_wconf 90' lang='lat' dir='ltr'>iuniores</span> <span class='ocrx_word' id='word_1_133' title='bbox 470 3322 584 3400; x_wconf 88' lang='lat' dir='ltr'>quaerit</span> <span class='ocrx_word' id='word_1_134' title='bbox 606 3321 754 3380; x_wconf 90' lang='lat' dir='ltr'>adulteros</span> 
     </span>
     <span class='ocr_line' id='line_1_32' title="bbox 224 3407 740 3483; baseline -0.008 -16"><span class='ocrx_word' id='word_1_135' title='bbox 224 3407 306 3467; x_wconf 90' lang='lat' dir='ltr'>lnter</span> <span class='ocrx_word' id='word_1_136' title='bbox 328 3409 424 3467; x_wconf 89' lang='lat' dir='ltr'>mariti</span> <span class='ocrx_word' id='word_1_137' title='bbox 447 3408 512 3466; x_wconf 89' lang='lat' dir='ltr'>vina</span> <span class='ocrx_word' id='word_1_138' title='bbox 538 3425 635 3483; x_wconf 89' lang='lat' dir='ltr'>neque</span> <span class='ocrx_word' id='word_1_139' title='bbox 658 3407 740 3483; x_wconf 86' lang='lat' dir='ltr'>eligit</span> 
     </span>
     <span class='ocr_line' id='line_1_33' title="bbox 272 3490 767 3569; baseline -0.01 -16"><span class='ocrx_word' id='word_1_140' title='bbox 272 3493 323 3553; x_wconf 89' lang='lat' dir='ltr'>Cui</span> <span class='ocrx_word' id='word_1_141' title='bbox 348 3493 438 3554; x_wconf 91' lang='lat' dir='ltr'>donet</span> <span class='ocrx_word' id='word_1_142' title='bbox 459 3491 640 3569; x_wconf 91' lang='lat' dir='ltr'>impermissa</span> <span class='ocrx_word' id='word_1_143' title='bbox 663 3490 767 3568; x_wconf 91' lang='lat' dir='ltr'>raptim</span> 
     </span>
     <span class='ocr_line' id='line_1_34' title="bbox 322 3575 767 3647; baseline -0.007 -10"><span class='ocrx_word' id='word_1_144' title='bbox 322 3577 432 3637; x_wconf 89' lang='lat' dir='ltr'>Gaudia</span> <span class='ocrx_word' id='word_1_145' title='bbox 455 3576 614 3636; x_wconf 88' lang='lat' dir='ltr'>luminibus</span> <span class='ocrx_word' id='word_1_146' title='bbox 637 3575 767 3647; x_wconf 87' lang='lat' dir='ltr'>remotis,</span> 
     </span>
    </p>
   </div>
   <div class='ocr_carea' id='block_1_11' title="bbox 96 3823 1173 3959">
    <p class='ocr_par' dir='ltr' id='par_1_14' title="bbox 96 3823 1173 3959">
     <span class='ocr_line' id='line_1_35' title="bbox 183 3823 1173 3896; baseline 0 -20"><span class='ocrx_word' id='word_1_147' title='bbox 183 3828 213 3877; x_wconf 90' lang='lat' dir='ltr'>Vl</span> <span class='ocrx_word' id='word_1_148' title='bbox 232 3845 255 3881; x_wconf 87' lang='lat' dir='ltr'>o.</span> <span class='ocrx_word' id='word_1_149' title='bbox 276 3832 304 3878; x_wconf 92' lang='grc'>11</span> <span class='ocrx_word' id='word_1_150' title='bbox 326 3827 420 3878; x_wconf 90' lang='lat' dir='ltr'>nostris</span> <span class='ocrx_word' id='word_1_151' title='bbox 444 3829 525 3878; x_wconf 79' lang='lat' dir='ltr'>Prisc.</span> <span class='ocrx_word' id='word_1_152' title='bbox 544 3825 567 3876; x_wconf 83' lang='lat' dir='ltr'>X</span> <span class='ocrx_word' id='word_1_153' title='bbox 585 3825 601 3890; x_wconf 63' lang='grc' dir='ltr'><strong>ξ</strong></span> <span class='ocrx_word' id='word_1_154' title='bbox 619 3827 651 3876; x_wconf 78' lang='lat' dir='ltr'>rt</span> <span class='ocrx_word' id='word_1_155' title='bbox 671 3828 696 3873; x_wconf 86' lang='lat' dir='ltr'>et</span> <span class='ocrx_word' id='word_1_156' title='bbox 711 3824 754 3873; x_wconf 87' lang='lat' dir='ltr'>vel</span> <span class='ocrx_word' id='word_1_157' title='bbox 776 3828 815 3874; x_wconf 79' lang='lat' dir='ltr'>sio</span> <span class='ocrx_word' id='word_1_158' title='bbox 832 3823 874 3874; x_wconf 85' lang='lat' dir='ltr'>vel</span> <span class='ocrx_word' id='word_1_159' title='bbox 890 3827 1035 3874; x_wconf 86' lang='lat' dir='ltr'>nostrorum</span> <span class='ocrx_word' id='word_1_160' title='bbox 1055 3824 1146 3878; x_wconf 72' lang='lat' dir='ltr'>uenti.</span> <span class='ocrx_word' id='word_1_161' title='bbox 1167 3823 1173 3896; x_wconf 83' lang='grc' dir='ltr'>Ι</span> 
     </span>
     <span class='ocr_line' id='line_1_36' title="bbox 96 3895 438 3959; baseline -0.006 -13"><span class='ocrx_word' id='word_1_162' title='bbox 96 3898 127 3947; x_wconf 81' lang='grc'>22</span> <span class='ocrx_word' id='word_1_163' title='bbox 147 3897 236 3946; x_wconf 87' lang='lat' dir='ltr'>acerba</span> <span class='ocrx_word' id='word_1_164' title='bbox 255 3896 284 3946; x_wconf 90' lang='lat' dir='ltr'><em>M</em></span> <span class='ocrx_word' id='word_1_165' title='bbox 305 3895 309 3959; x_wconf 93' lang='grc' dir='ltr'>Ι</span> <span class='ocrx_word' id='word_1_166' title='bbox 334 3895 438 3946; x_wconf 88' lang='lat' dir='ltr'>artubus</span> 
     </span>
    </p>
   </div>
   <div class='ocr_carea' id='block_1_12' title="bbox 0 0 1264 4434">
    <p class='ocr_par' dir='ltr' id='par_1_15' title="bbox 0 0 1264 4434">
     <span class='ocr_line' id='line_1_37' title="bbox 0 0 1264 4434; baseline 0 3"><span class='ocrx_word' id='word_1_167' title='bbox 0 0 1264 4434; x_wconf 95' lang='lat' dir='ltr'> </span> 
     </span>
    </p>
   </div>
  </div>
 </body>
</html>
