2520 4434
96 229 135 286 68
427 228 706 301 eorumeorurn.
726 234 765 286 tt.
786 235 825 287 18,

224 400 396 480 Importuna
418 409 515 461 tamen
539 401 695 480 pauperies
717 402 809 475 abest,

223 485 293 557 Nec,
316 486 340 546 si
364 487 448 564 plura
470 486 566 558 velim,
590 495 623 546 tu
646 487 716 547 dare
738 487 875 566 deneges.

271 569 429 631 Contracto
451 571 557 631 melius
579 589 667 650 parva
690 571 829 651 cupidine

151 664 181 713 40
323 655 478 734 Vectigalia
501 655 648 734 porrigam

224 772 317 842 Quam
340 774 364 835 si
387 773 552 852 Mygdoniis
574 791 699 850 regnum
722 773 846 852 Alyattei

226 856 342 937 Campis
365 858 546 919 continuem.
591 857 681 918 Multa
703 859 876 936 petentibus

270 944 385 1004 Desunt
407 943 513 1003 multa:
537 941 615 1002 bene
638 951 691 1014 est,
715 943 762 1003 cui
785 943 859 1005 deus
883 943 990 1005 obtulit

322 1028 413 1088 Parca
438 1028 516 1105 quod
540 1027 609 1087 satis
631 1036 676 1087 est
697 1045 797 1088 manu.

566 1215 712 1227 ---.—.

596 1329 673 1388 XVII

225 1447 288 1509 Aeli
310 1455 424 1508 vetusto
448 1446 557 1508 nobilis
580 1445 616 1506 ab
640 1448 731 1507 Lamo
752 1481 764 1491 -

226 1531 351 1602 Quando
374 1541 403 1592 et
424 1533 539 1611 priores
561 1531 631 1592 binc
653 1532 768 1593 Lamias
790 1533 891 1593 ferunt

272 1617 485 1678 Denominatos
508 1626 537 1677 et
560 1626 702 1695 nepotum

322 1702 380 1762 Per
402 1720 549 1762 memores
570 1719 665 1780 genus
688 1719 775 1761 omne
798 1702 898 1772 fastus

168 1829 182 1878 5
226 1821 354 1879 Auctore
378 1819 413 1879 ab
436 1819 485 1878 iIIo
509 1819 590 1880 ducit
613 1819 768 1897 originem,

226 1903 283 1973 Qui
307 1903 490 1963 Formiarum
514 1904 630 1964 moenia
654 1903 761 1964 dicitur

273 1988 416 2066 Princeps
438 1997 467 2048 et
488 1989 642 2048 innantem
666 1988 790 2050 Maricae

325 2071 475 2133 Litoribus
496 2073 627 2133 tenuisse
649 2072 750 2146 Lirim,

227 2190 298 2250 Late
321 2201 464 2271 tyrannus
486 2223 510 2262 ·,
533 2209 598 2251 cras
620 2191 698 2250 foliis
721 2209 827 2252 nemus

156 2284 183 2334 10
227 2274 326 2336 IIuItis
349 2285 377 2336 et
399 2276 462 2353 alga
484 2275 553 2335 litus
576 2275 672 2335 inutili

272 2359 405 2421 Demissa
427 2368 585 2438 tempestas
608 2360 643 2420 ab
666 2358 748 2421 Euro

327 2445 456 2518 Sternet,
479 2462 571 2522 aquae
594 2445 650 2504 uisi
673 2444 746 2505 fallit
768 2463 863 2524 augur

227 2565 347 2624 Annosa
371 2564 484 2624 cornix.
529 2561 606 2621 Dum
629 2571 723 2640 potes,
746 2564 860 2624 aridum

229 2647 381 2727 Compone
404 2649 530 2726 lignum:
555 2665 621 2706 cras
644 2646 771 2705 Genium
796 2667 878 2708 mero

158 2741 186 2792 15
272 2733 396 2794 Curabis
419 2742 448 2795 et
468 2749 561 2812 porco
584 2731 739 2791 bimenstri

327 2817 398 2878 Cum
421 2817 536 2878 famulis
560 2834 684 2894 operum
706 2816 819 2878 solutis.

592 3135 683 3194 XVIII

229 3249 338 3326 Faune,
361 3254 560 3333 Nympharum
583 3254 749 3332 fugientum
772 3262 895 3326 amator,

228 3336 285 3397 Per
308 3357 390 3398 meos
412 3340 479 3399 finis
501 3347 531 3398 et
552 3339 651 3416 aprica
673 3357 741 3399 rura

229 3420 318 3483 Lenis
341 3421 460 3483 incedas
481 3423 627 3502 abeasque
649 3424 744 3503 parvis

304 3509 425 3584 Aequus
447 3507 581 3580 alumnis,

101 3639 304 3648 ᾖ

187 3753 253 3805 XVII
271 3772 294 3807 o.
314 3758 398 3817 [2-5]
416 3756 446 3806 M
466 3759 470 3821 Ι
493 3761 509 3809 4
531 3757 622 3820 fastus]
646 3755 679 3817 cfi
698 3756 730 3807 IV
751 3759 794 3817 14,
819 3759 848 3816 4;
877 3772 934 3821 epp.
960 3755 979 3806 II
1009 3759 1032 3820 1,
1060 3760 1095 3811 48
1121 3775 1140 3809 a

101 3826 182 3874 Prior.
201 3821 233 3873 Vl
252 3825 267 3887 ξ
287 3826 333 3875 72:
360 3823 440 3875 fastos
467 3828 471 3887 Ι
498 3827 512 3875 5
536 3824 615 3886 ducit]
640 3827 707 3890 (v?);
738 3825 771 3875 D.
789 3825 928 3886 Haterium
951 3824 1053 3877 Bemb:
1081 3825 1140 3878 duci

104 3893 134 3942 13
153 3890 221 3955 potis
239 3893 273 3955 (a)
290 3893 293 3957 Ι
312 3893 343 3944 15
362 3906 438 3957 porca
456 3893 553 3958 Por-pb.
573 3892 629 3946 cod.
648 3893 718 3944 Mon.
