2474 4440
499 218 688 272 SATleRUM
706 221 726 273 ll
746 227 768 276 1.
787 226 810 275 2.

135 405 145 418 ·
206 393 338 466 (lederet,
361 393 520 453 introrsum
545 393 649 471 turpis,
673 413 743 454 num
767 395 881 456 Laelius
905 408 933 456 et
958 397 1009 475 qui

206 479 294 539 Duxit
315 477 352 539 ah
375 496 517 557 oppressa
540 479 677 539 meritum
702 479 875 558 Carthagine
900 500 1010 542 nomen

205 563 330 644 ingenio
353 564 457 624 olleusi
480 573 530 623 aut
552 563 629 623 laeso
653 565 773 624 doluere
796 566 913 626 Metello

204 649 394 728 Famosisque
417 649 501 726 Lupo
524 657 664 727 cooperto
688 648 843 711 versibus?
864 651 943 730 atqui

205 734 354 796 Primores
376 733 479 813 populi
502 733 627 812 arripuit
648 735 850 814 populumque
873 737 1017 808 tributim,

209 820 327 881 Scilicet
349 819 402 879 uni
425 836 537 896 aequus
559 819 659 878 virtuti
682 829 770 898 atque
793 821 857 881 eius
879 822 990 882 amicis.

206 905 284 975 Quin
308 905 359 965 ubi
382 922 413 965 se
437 922 453 963 a
474 904 561 982 volgo
584 912 613 963 et
636 922 742 964 scaena
765 906 795 965 in
821 915 932 967 secreta
956 917 1112 968 remorant

205 991 303 1052 Virtus
326 988 477 1068 Scipiadae
501 997 530 1048 et
552 989 631 1049 mitis
653 990 796 1068 sapientia
821 990 908 1065 laeli,

204 1076 314 1154 Nugari
335 1093 402 1136 cum
426 1073 475 1134 illo
499 1083 528 1133 et
550 1073 685 1135 discincti
708 1075 819 1145 ludere,
843 1076 938 1137 donec

205 1162 430 1239 Decoqueretur
444 1159 539 1231 holus,
555 1159 642 1219 soliti.
677 1159 826 1238 Quidquid
841 1180 906 1221 sum
922 1180 988 1240 ego,
1005 1163 1122 1240 quamri

204 1247 284 1306 lnlra
307 1244 402 1306 Lucili
425 1262 546 1305 censum
570 1245 793 1323 ingeniumque,
816 1254 914 1307 tamen
938 1265 985 1307 me

205 1329 277 1391 Cum
300 1330 415 1409 magnis
437 1330 540 1390 vixisse
563 1329 652 1390 invita
675 1330 814 1390 fatebitur
835 1350 928 1410 usque

203 1416 313 1476 invidia
337 1425 366 1476 et
388 1415 481 1492 fragili
505 1433 651 1512 quaereus
672 1414 796 1475 inlidere
819 1415 890 1477 deut
878 1425 947 1490 mem

204 1501 342 1561 Oileudet
364 1501 466 1573 solido,
490 1501 546 1561 nisi
570 1500 640 1577 quid
663 1509 703 1572 tu,
727 1501 813 1561 docte
836 1501 964 1573 Trebati,

203 1575 360 1648 [lisseutis.
398 1580 555 1682 ‘Equidem
581 1586 652 1646 nihil
675 1585 745 1646 hinc
768 1586 922 1648 diffindere
945 1606 1077 1666 possum.

203 1671 295 1732 Sedt
283 1681 380 1732 tamen
405 1680 439 1732 ut
460 1671 589 1732 monitus
612 1689 723 1743 caveas,
748 1689 785 1731 ne
808 1672 884 1731 sorte
908 1674 1008 1751 negoti

204 1757 331 1817 incutiat
353 1758 405 1818 tibi
430 1757 499 1834 quid
522 1766 690 1817 sanctarum
714 1757 829 1816 inscitia
853 1757 965 1834 legum:

202 1841 233 1900 si
256 1843 330 1902 mala
354 1842 548 1905 condiderit
541 1861 570 1901 ru
595 1860 682 1938 quem
707 1842 773 1918 quis
795 1842 934 1915 carmina,
958 1843 1005 1903 ius
1029 1854 1073 1903 est

204 1918 424 2007 iudiciumque?
461 1920 556 1997 ‘,Esto
579 1926 670 2005 siquis
693 1926 783 1999 mala;
807 1926 857 1987 sed
880 1927 1005 1988 hona
982 1928 1075 2006 siquis

201 2011 301 2071 ludice
323 2013 490 2073 condiderit
511 2010 645 2071 laudatus
669 2010 812 2072 Caesare?
835 2013 927 2090 siquis

197 2096 380 2196 Opprohriis
403 2097 524 2194 dignum
548 2095 704 2168 latraverit,
727 2098 843 2176 integer
864 2087 964 2198 ipse‘l'

197 2174 369 2242 ‘·Solveutur
391 2184 451 2242 risu
474 2181 599 2254 tabulae,
621 2190 653 2241 tu
676 2182 781 2242 missus
803 2173 915 2244 abibis?

639 2503 664 2563 ll

197 2623 280 2694 Quae
304 2623 394 2684 virtus
418 2631 446 2682 et
469 2630 588 2700 quanta,
613 2622 694 2695 boni,
717 2623 753 2682 sit
774 2622 871 2682 vivere
894 2640 984 2700 parvo

197 2743 208 2753 ·
234 2709 294 2769 Nee
318 2726 400 2769 meus
423 2707 471 2767 hic
493 2725 589 2767 sermo
614 2717 666 2782 est,
690 2707 741 2767 sed
765 2725 839 2785 quae
861 2709 1014 2788 praecepit
1038 2709 1123 2772 Olellu

195 2794 343 2868 Rusticus,
365 2792 516 2853 abnormis
538 2792 656 2871 sapiens
678 2811 834 2871 crassaque
855 2793 986 2854 Minerva
1009 2829 1032 2866 -,

196 2879 304 2941 Discite
327 2897 388 2939 non
413 2879 492 2938 inter
514 2879 613 2938 lances
635 2896 811 2955 mensasque
835 2878 967 2952 nitentis,

125 2974 136 2988 '
195 2964 266 3025 Cum
290 2972 390 3043 stupet
412 2963 524 3023 insanis
545 2963 623 3022 acies
645 2962 809 3042 fulgoribus
832 2972 949 3024 etcum

194 3050 325 3111 Adclinis
348 3049 427 3109 lalsis
450 3049 565 3108 animus
587 3048 708 3108 meliora
730 3057 855 3120 recusat,

196 3135 304 3194 Verum
327 3135 376 3195 hic
398 3133 539 3212 impransi
564 3150 678 3192 mecum
702 3132 863 3211 disquirite.
895 3126 970 3193 ‘Cur
991 3125 1085 3196 hoc?'

196 3218 307 3291 llicam,
329 3219 353 3280 si
375 3228 488 3297 potero.
534 3217 607 3277 Male
629 3237 730 3279 verum
755 3219 900 3279 examinat
923 3220 1019 3281 omnis

196 3303 361 3381 Corruptus
383 3304 478 3363 iudex.
523 3303 669 3382 Leporem
692 3312 820 3364 sectatus
842 3322 955 3382 equove

115 3396 143 3446 tu
198 3387 306 3449 lassus
328 3387 364 3447 ab
387 3387 529 3448 indomito
553 3423 566 3432 -
590 3389 643 3461 vel,
667 3389 690 3449 si
714 3389 845 3449 Romana
869 3389 969 3468 fatigat

194 3572 202 3621 l
222 3588 244 3621 υ.
265 3575 296 3625 65
315 3577 359 3622 aut
374 3571 379 3638 1
395 3575 426 3625 79
445 3571 486 3621 hic
505 3573 538 3634 (o)
560 3573 564 3634 l
585 3571 719 3637 diffingere
738 3577 764 3622 et
781 3571 896 3624 diffidere
912 3573 916 3639 Ι
932 3576 965 3625 84
983 3573 1123 3632 laudaturt

112 3643 142 3693 85
162 3639 314 3691 lacerauerit
332 3642 365 3704 (a)
392 3642 396 3703 Ι
424 3642 456 3692 86
473 3639 535 3702 risu]
555 3640 594 3691 bis
612 3640 642 3691 Vl
664 3641 749 3705 lepide
767 3657 830 3691 sane
848 3645 1028 3705 attingentem
1048 3642 1123 3706 Bergi

104 3707 200 3774 philol.
219 3710 258 3771 32,
278 3710 336 3770 566,
363 3709 409 3758 sed
429 3711 508 3757 nimis
532 3709 696 3770 confidenter
720 3708 756 3769 of.
779 3709 851 3761 unul.
874 3710 910 3759 ad
933 3726 1014 3761 earm.
1038 3711 1102 3762 Hor.
1120 3743 1123 3760 l

107 3776 126 3828 Η
145 3778 186 3842 ²2
179 3785 253 3895 nav
274 3844 380 3896 lboms
399 3845 432 3908 (o)
457 3843 461 3907 Ι
486 3845 595 3909 lquem
613 3845 648 3904 (v
673 3843 849 3908 l3abnormi
874 3845 877 3908 l
904 3849 969 3898 10-
973 3847 1004 3899 13
1023 3845 1096 3897 vel
1101 3845 1123 3897 di

108 3913 174 3964 duce
191 3911 348 3973 Heindorfio
367 3915 495 3976 tanquam
512 3913 682 3976 parenthesin
700 3913 867 3976 segnificavit
880 3912 1044 3978 Ir'ruegeracr:
1063 3930 1086 3964 o
1102 3916 1123 3968 15
