2474 4440
111 237 172 296 220
496 237 726 291 nersrucnnuu
744 240 765 292 n
783 242 806 293 2.

195 411 331 472 Prudens
354 411 450 472 emisti
472 412 618 486 vitiosum,
641 411 717 472 dicta
739 410 794 472 tibi
816 421 860 472 est
882 412 940 485 lex,

196 497 367 575 Insequeris
388 505 487 557 tamen
511 497 591 558 hunc
615 507 644 558 et
665 497 715 557 lite
738 497 861 558 moraris
886 497 1013 577 iniqua?

197 582 262 643 Dixi
285 601 332 642 me
354 581 472 660 pigrum
495 583 695 661 proficiscenti
717 581 779 655 tibi,
802 583 860 642 dixi

196 666 316 728 Talibus
338 666 442 728 officiis
464 686 559 747 prope
581 685 729 741 mancum,
754 686 791 729 ne
814 685 879 728 mea
901 686 1005 731 saevus

196 751 332 830 Iurgares
353 752 389 812 ad
411 761 440 812 te
463 754 543 832 quod
566 752 691 832 epistula
714 753 794 813 nulla
816 753 937 815 rediret.

197 837 275 908 Quid
297 847 362 898 tum
384 839 506 916 proieci,
530 857 647 898 mecum
670 837 807 898 facientia
830 838 894 898 iura

195 922 225 982 Si
247 931 347 983 tamen
370 920 547 1003 attemptas?
566 957 607 967 —
630 922 771 993 Quereris
793 941 884 1002 super
904 925 962 984 hoo
985 925 1084 1000 etiam,
1108 946 1147 1007 qu

195 1006 370 1088 Exspectata
393 1008 447 1068 tibi
470 1027 530 1069 non
555 1008 666 1068 mittam
689 1008 819 1069 carmina
842 1009 978 1070 mendax.

194 1093 310 1154 Luculli
332 1093 417 1154 miles
439 1093 561 1154 collecta
583 1092 685 1153 viatica
708 1093 807 1154 multis

102 1256 104 1261 ι
195 1177 361 1250 Aerumnis‚
384 1177 478 1239 lassus
500 1179 570 1240 dum
594 1186 685 1239 noctu
707 1179 812 1252 stertit,
835 1179 870 1238 ad
893 1197 989 1242 assem

195 1263 378 1338 Perdiderat3
400 1272 469 1343 post
490 1263 548 1324 hoc
569 1281 690 1324 vemens
712 1263 801 1343 lupus
823 1273 852 1323 et
874 1265 929 1325 sibi
952 1275 983 1326 et
1003 1261 1082 1327 hosti

194 1347 290 1409 lratus
311 1348 430 1427 pariter,
453 1348 560 1410 ieiunis
582 1346 721 1409 dentibus
743 1365 820 1420 acer,

194 1432 377 1494 Praesidium
400 1434 498 1512 regale
520 1434 586 1494 loco
609 1433 723 1504 deiecit,
745 1442 778 1494 ut
800 1433 893 1506 aiunt,

194 1518 315 1579 Summe
338 1519 453 1579 munito
476 1528 505 1580 et
527 1519 684 1579 multarum
708 1518 795 1579 divite
818 1536 929 1578 rerum.

196 1603 299 1664 Clarus
322 1604 359 1665 ob
382 1603 409 1663 id
433 1605 544 1665 tactum
567 1603 654 1664 donis
676 1612 801 1663 ornatur
822 1603 966 1677 honestis,

194 1689 309 1768 Accipit
332 1699 362 1749 et
382 1689 427 1750 bis
449 1689 525 1750 dena
547 1707 638 1767 super
659 1689 791 1749 sestertia
814 1707 980 1750 nummum.

194 1774 283 1836 Forte
306 1774 361 1836 sub
383 1775 441 1835 hoc
464 1784 581 1854 tempus
604 1773 754 1834 castellum
778 1782 910 1834 evertere
933 1785 1054 1853 praetor

108 1871 137 1922 35
193 1859 299 1921 Nescio
324 1859 403 1938 quod
425 1860 559 1939 cupiens,
582 1859 695 1919 hortari
717 1859 816 1938 coepit
838 1859 966 1922 eundem

194 1945 309 2018 Verbis,
334 1963 409 2024 quae
431 1945 533 2005 timido
557 1962 675 2022 quoque
699 1953 822 2022 possent
843 1944 951 2004 addere
973 1954 1117 2007 mentem:

191 2025 217 2090 ‘1
239 2029 328 2103 bone,
352 2049 410 2108 quo
434 2031 527 2091 virtus
548 2038 598 2090 tna
620 2038 650 2090 te
672 2037 766 2103 vocat,
788 2030 797 2089 i
820 2030 895 2108 pede
918 2030 1025 2104 fausto,

194 2114 323 2176 Grandia
344 2115 458 2176 laturus
479 2115 652 2175 meritorum
676 2114 813 2194 praemia.
858 2114 935 2185 Quid
960 2107 1054 2180 stast'

195 2199 265 2260 Post
286 2201 359 2260 haec
382 2200 430 2260 ille
453 2208 544 2272 catus,
568 2200 756 2278 quantumvis
779 2199 907 2261 rusticus
927 2196 1009 2275 ‘lbit‚

108 2295 137 2344 40
194 2283 252 2344 lbit
275 2304 320 2357 eo,
343 2302 402 2362 quo
425 2284 477 2357 vis,
501 2285 550 2362 qui
574 2303 677 2345 zonam
701 2281 836 2365 perdidit'
861 2285 969 2363 inquit.

194 2369 306 2429 Romae
330 2369 436 2430 nutriri
458 2369 530 2430 mihi
553 2370 677 2448 contigit
699 2380 787 2448 atque
810 2369 922 2442 doceri,

194 2455 290 2515 lratus
313 2454 395 2515 Grais
419 2465 562 2534 quantum
587 2455 737 2517 nocuisset
758 2455 895 2516 Achilles.

195 2540 336 2601 Adiecere
358 2540 455 2601 bonae
478 2540 577 2619 paullo
599 2541 667 2619 plus
689 2541 759 2601 artis
781 2541 924 2611 Athenae,

195 2625 313 2687 Scilicet
335 2634 369 2685 ut
389 2625 494 2686 vehem
516 2643 606 2686 curvo
629 2625 784 2686 dinoscere
805 2635 920 2686 rectum

108 2721 137 2771 45
194 2712 290 2790 Atque
312 2712 392 2772 inter
414 2710 499 2772 silvas
520 2710 660 2771 Academi
683 2729 825 2788 quaerere
848 2728 960 2775 verum.

195 2796 275 2858 Dura
297 2797 348 2857 sed
371 2814 506 2856 emovere
528 2796 595 2856 loco
618 2815 665 2856 me
687 2803 820 2874 tempora
843 2805 935 2873 grato,

196 2881 353 2960 Civilisque
377 2881 480 2941 rudem
503 2879 572 2942 belli
595 2881 662 2942 tulit
685 2889 782 2941 aestus
805 2881 835 2941 in
858 2898 938 2940 arma

196 2965 327 3026 Caesaris
348 2967 474 3045 Augusti
497 2985 558 3027 non
582 2984 762 3045 responsura
785 2965 911 3027 lacertis.

195 3050 281 3111 Unde
304 3051 390 3112 simul
412 3052 541 3131 primum
565 3071 613 3111 me
635 3051 773 3111 dimisere
796 3050 933 3130 Philippi,

196 3136 308 3197 Deoisis
330 3135 471 3197 humilem
493 3137 595 3216 pinnis
618 3137 798 3216 inopemque
821 3135 937 3215 paterni

197 3220 234 3282 Et
256 3220 326 3282 laris
349 3229 378 3281 et
400 3221 484 3282 lundi
507 3231 665 3300 paupertas
687 3220 803 3300 impulit
824 3222 927 3294 audax,

197 3305 235 3366 Ut
257 3324 359 3367 versus
381 3306 518 3366 facerem.
564 3306 622 3366 Sed
646 3305 725 3385 quod
748 3324 809 3366 non
833 3306 908 3367 desit
929 3304 1089 3366 habentem

198 3391 280 3462 Quae
303 3399 446 3469 poterunt
469 3409 608 3469 umquam
632 3391 703 3452 satis
725 3408 889 3470 expurgare
912 3391 1036 3461 cicutae,

196 3476 232 3537 Ni
255 3477 361 3537 melius
384 3477 513 3536 dormire
535 3486 637 3554 putem
661 3494 748 3554 quam
770 3475 902 3536 scribere
924 3471 1049 3536 versus?
1075 3508 1111 3517 -

111 3572 140 3623 55
199 3561 323 3641 Singula
347 3563 382 3623 de
406 3561 493 3622 nobis
515 3561 586 3620 anni
609 3562 788 3639 praedantur
811 3571 930 3622 euntes:

198 3798 218 3849 ll
236 3813 260 3850 o.
276 3800 306 3850 19
324 3797 420 3863 iniqua.
440 3797 475 3847 al.
492 3795 496 3860 Ι
513 3797 545 3848 22
564 3796 662 3848 ueniret
679 3798 715 3861 (o)
730 3796 734 3863 1
751 3799 783 3849 32
802 3795 895 3862 opimis
907 3798 950 3858 (ε.-
961 3794 1008 3856 13⁰)
1024 3792 1028 3859 1
1045 3795 1077 3845 36
1096 3805 1149 3843 meu

109 3883 142 3987 ἕο
151 3871 253 4003 rppppleig
269 3857 407 3929 t‘menteis’
428 3864 570 3930 Cruquius)
589 3864 626 3915 13⁰
646 3865 650 3930 Ι
671 3866 705 3916 44
731 3865 833 3927 vellem]
858 3864 954 3930 possint
972 3879 987 3911 v
1006 3876 1109 3929 possem
1125 3861 1149 3924 (o

12 4044 211 4168 A
