2474 4440
480 228 652 280 candiduli
670 230 703 282 tv
723 234 745 283 8.

578 400 640 459 Vlll

202 501 349 561 Donarem
374 509 489 580 pateras
511 510 651 579 grataque
674 504 855 577 commodus,

202 585 376 658 Censorino,
401 587 471 647 meis
493 603 560 645 aera
582 586 741 657 sodalibus,

201 671 347 731 Donarem
371 671 509 749 tripodas,
532 672 661 748 praemia
684 673 802 732 fortium

201 755 357 816 Graiorum
381 774 480 833 neque
503 765 533 815 tu
558 756 684 832 pessima
707 776 865 819 munerum

201 839 316 913 Ferres,
340 840 426 900 divite
449 859 496 899 me
518 839 629 900 scilicet
652 842 767 915 artium,

202 924 281 994 Quas
302 933 353 984 aut
376 925 547 985 Parrhasius
570 926 693 1002 protulit
715 935 765 986 aut
788 927 908 1008 Scopas,

201 1008 255 1069 Hic
278 1027 358 1081 saxo,
381 1009 498 1086 liquidis
521 1009 568 1068 ille
591 1010 740 1071 coloribus

201 1091 312 1154 Sollers
335 1112 415 1154 nunc
439 1094 587 1154 bominem
611 1113 734 1173 ponere,
758 1114 839 1156 nunc
863 1097 959 1158 deum.

200 1177 255 1238 Sed
280 1196 340 1238 non
366 1178 436 1239 baec
459 1179 529 1238 milri
551 1179 603 1249 vis,
628 1197 684 1239 nec
706 1180 758 1240 tibi
783 1181 883 1242 talium

200 1263 256 1323 Res
280 1272 325 1323 est
347 1272 396 1323 aut
418 1264 532 1324 animus
555 1264 724 1323 deliciarum
748 1284 853 1344 egens:

200 1347 316 1408 Gaudes
339 1348 536 1421 carminibus;
559 1348 687 1408 carmina
711 1369 869 1428 possumus

200 1433 316 1492 bonare
340 1441 370 1492 et
392 1433 518 1512 pretium
543 1433 642 1493 dicere
665 1435 790 1494 muneri.
816 1470 852 1480 -

199 1517 265 1577 Non
289 1517 381 1577 incisa
405 1518 483 1578 notis
506 1536 650 1578 marmora
674 1518 809 1597 publicis,

200 1603 256 1662 Per
279 1619 354 1679 quae
377 1603 497 1681 spiritus
519 1611 548 1663 et
570 1603 626 1663 vita
649 1605 726 1663 redit
749 1604 834 1664 bonis

201 1688 271 1747 Post
293 1696 419 1747 mortem
443 1687 576 1756 ducibus,
601 1707 661 1747 non
686 1688 797 1749 celeres
820 1689 905 1767 fugae

199 1771 395 1849 Reiectaeque
418 1781 580 1833 retrorsum
604 1772 778 1833 Hannibalis
802 1773 907 1845 minae,

199 1857 263 1916 Non
288 1856 424 1917 incendia
448 1855 632 1936 Carthaginis
655 1858 761 1937 impiae

199 1940 279 2012 Eius,
303 1941 352 2018 qui
377 1943 484 2002 domita
508 1961 617 2002 nomen
642 1942 677 2002 ab
701 1943 797 2002 Africa

201 2025 344 2086 Lucratus
367 2027 461 2097 rediit,
485 2027 592 2087 clarius
615 2027 748 2087 indicant

199 2110 313 2171 Laudes
336 2129 423 2188 quam
448 2111 586 2171 Calabrae
609 2111 748 2184 Pierides,
773 2130 870 2189 neque

199 2195 227 2255 Sl
251 2196 369 2255 chartae
392 2195 497 2256 sileant
519 2195 597 2274 quod
622 2195 698 2256 bene
721 2197 835 2269 leceris,

200 2279 362 2340 Mercedem
386 2281 497 2341 tuleris.
543 2280 619 2350 Quid
645 2282 720 2341 loret
743 2281 811 2341 lliae

200 2365 395 2443 Mavortisque
418 2383 503 2444 puer,
526 2366 551 2425 si
573 2366 757 2427 taciturnitas

200 2449 336 2510 Obstaret
358 2450 469 2510 meritis
492 2450 589 2510 invida
612 2449 751 2510 Romuli?
854 2489 857 2493 <

200 2533 341 2612 Ereptum
366 2535 472 2614 Stygiis
494 2534 633 2595 fluctibus
656 2537 784 2596 Aeacum

199 2619 297 2680 Virtus
321 2627 350 2679 et
371 2621 452 2679 lavor
474 2629 503 2679 et
526 2619 624 2697 lingua
647 2621 814 2699 potentium

200 2702 301 2764 Vatum
325 2703 462 2764 divitibus
485 2714 640 2764 consecrat
661 2705 774 2766 insulis.
799 2741 841 2749 —

199 2788 326 2867 Dignum
350 2788 435 2848 laude
458 2789 552 2849 virum
577 2789 656 2849 Musa
682 2799 760 2849 vetat
782 2791 866 2860 mori,

200 2871 284 2933 Caelo
308 2873 389 2934 Musa
412 2873 488 2934 beat.
533 2873 581 2933 Sic
604 2874 679 2934 lovis
702 2875 827 2935 interest

200 2957 313 3036 Optatis
336 2958 429 3038 epulis
451 2958 577 3037 impiger
598 2959 751 3032 Hercules,

199 3041 313 3102 Clarum
338 3043 521 3122 Tyndaridae
545 3043 625 3104 sidus
647 3043 683 3102 ab
707 3045 815 3105 infimis

199 3126 325 3196 Quassas
347 3127 477 3205 eripiunt
498 3127 677 3205 aequoribus
700 3137 787 3200 rates,

199 3211 329 3273 Ornatus
351 3212 435 3272 viridi
458 3222 591 3290 tempora
614 3213 755 3292 pampino

98 3295 288 3389 Q?
309 3305 375 3356 vota
397 3296 493 3357 bonos
516 3298 596 3358 ducit
618 3297 653 3356 ad
677 3298 783 3358 exitus.

160 3424 206 3479 Vlll
225 3445 247 3480 υ.
269 3431 357 3492 [6-8]
374 3431 392 3480 lt
408 3445 432 3492 p.
452 3432 483 3480 41
491 3447 546 3494 sqq.
567 3431 570 3494 Ι
592 3433 608 3482 9
626 3433 682 3492 nec]
701 3431 866 3495 ratapant
887 3428 892 3498 Ι
915 3431 945 3481 12
964 3429 1075 3479 muneris
1094 3431 1143 3494 (vll

98 3483 194 3558 itt—u]
214 3497 272 3548 un
295 3497 299 3562 ι
324 3499 366 3558 [rs
385 3512 434 3547 non
454 3497 638 3550 celeres-19
661 3497 745 3561 reno]
768 3499 836 3551 nm
857 3515 884 3564 p.
903 3500 999 3562 arsqq.
1018 3497 1046 3547 u
1063 3496 1107 3557 pf.
1127 3498 1147 3548 r.

98 3548 220 3635 botoron
239 3568 269 3614 in
286 3580 379 3628 progr.
397 3566 512 3616 Poenam
531 3567 648 3625 a.183't;
667 3566 859 3616 Locdmonnos
877 3568 953 3628 (1845
973 3571 998 3614 et
1017 3566 1092 3629 1846)
1106 3581 1146 3630 op.

98 3631 143 3675 non.
157 3628 175 3682 11
196 3634 240 3694 95;
267 3634 373 3697 bosqq.)
396 3632 401 3696 1
425 3636 456 3685 15
475 3633 565 3685 celeris
590 3632 649 3698 iuga
668 3649 682 3682 o
703 3635 793 3685 celeris
818 3634 892 3698 lugae
911 3633 1065 3696 Madvigius
1089 3637 1148 3682 oni-

98 3692 163 3749 'Mdta
181 3703 238 3750 orit.
260 3699 280 3751 ll
299 3702 373 3764 bbeq.
390 3699 394 3766 l
411 3703 460 3762 [16.
483 3705 523 3763 l'l]
541 3702 611 3751 idem
628 3702 694 3752 ibid.
709 3707 773 3767 post
784 3703 1029 3765 Bezzenbergerum
1048 3701 1147 3753 amared.

98 3754 166 3818 delent.
176 3767 269 3819 Droed.
282 3770 348 3820 1844
357 3784 382 3833 p.
397 3769 428 3819 tt
444 3766 449 3836 Ι
465 3767 725 3836 [17]Bontt.AKtof.
739 3773 789 3836 bp.
804 3773 892 3834 3beq.;
904 3771 991 3832 disq.)
1007 3774 1011 3833 Ι
1027 3768 1147 3831 [to-27]

98 3822 142 3889 ln
156 3837 181 3887 51
190 3853 246 3902 qq.
262 3838 266 3901 ι
282 3837 334 3898 [as]
354 3836 433 3887 uror
449 3852 508 3886 cum
526 3837 697 3887 Lachmanno
716 3839 733 3888 t.
752 3840 769 3889 t.
785 3854 811 3903 p.
825 3841 900 3902 eosq.
925 3839 928 3894 ι
953 3838 1005 3898 [aa]
1020 3835 1152 3887 HVMAK

98 3903 143 3944 lum
154 3901 322 3954 Lachmanno
341 3905 358 3954 l.
378 3904 393 3955 l.
408 3919 437 3969 p.
457 3907 502 3964 95;
523 3906 638 3970 100131
658 3905 730 3956 duxit
