2474 4440
445 237 634 290 SA'llRARUlll
651 239 671 290 ll
689 241 712 291 3.
1049 238 1109 298 163

123 408 189 472 ‘llic
210 402 316 490 aeger.'
363 410 454 470 Recte
477 418 520 471 est
542 410 633 488 igitur
654 409 835 490 surgetque‘l
879 410 1010 491 Negabit,

124 497 210 569 Quod
233 497 311 557 latus
333 504 384 555 aut
405 514 492 555 renes
516 496 620 556 morbo
644 505 827 574 temptentur
850 508 945 557 acuto.

121 583 187 643 Non
211 591 255 643 est
277 581 416 660 periurus
439 599 537 659 neque
559 580 704 653 sordidus,
727 582 850 641 inmolet
871 583 972 660 aequis

122 668 176 728 llic
198 685 324 746 porcum
347 664 481 737 Laribus,
503 684 606 726 verum
629 666 800 727 ambitiosus
822 676 851 726 et
873 667 980 727 audax:
1069 679 1109 729 100

118 753 243 832 Naviget
266 753 444 831 Anticyram.
489 751 566 821 Quid
590 752 669 810 enim
691 752 798 820 differt,
821 751 1000 812 barathrone

121 839 221 898 Dones
244 837 387 916 quidquid
409 836 509 908 babes
532 855 569 896 au
594 848 755 915 numquam
780 846 863 896 utare
886 836 1017 915 paratis?

120 923 240 984 Servius
263 921 408 1001 Oppidius
431 921 537 982 Canusi
561 922 620 981 duo
643 922 770 1000 praedia,
796 921 874 982 dives

120 1009 253 1086 Antiquo
277 1025 377 1080 censu,
402 1007 499 1085 gnatis
520 1007 624 1068 divisse
646 1006 763 1067 duobus

121 1093 229 1154 Fertur
251 1100 280 1152 et
303 1093 358 1152 hoc
382 1092 513 1153 moriens
535 1092 637 1170 pueris
658 1092 765 1152 dixisse
788 1093 896 1152 vocatis
1068 1104 1111 1154 tlt

122 1178 164 1238 Ad
187 1178 314 1238 lectum:
336 1169 509 1254 ‘Postquam
532 1187 560 1237 te
584 1178 665 1247 talos,
689 1177 772 1248 Aule,
797 1195 948 1255 nucesque

122 1263 212 1324 Ferre
234 1263 302 1323 sinu
326 1262 401 1334 laxo,
424 1262 535 1323 donare
558 1271 587 1322 et
609 1261 710 1322 ludere
732 1263 799 1334 vidi,

125 1348 173 1420 Te,
196 1346 307 1420 Tiberi,
331 1365 496 1419 numerare,
520 1348 597 1408 cavis
618 1347 801 1407 abscondere
824 1346 945 1420 tristem,

126 1433 263 1506 Extimui,
288 1451 325 1493 ne
347 1452 398 1493 vos
421 1441 522 1511 ageret
542 1433 659 1493 vesania
682 1432 804 1503 discors,

124 1518 166 1578 Tu
189 1519 420 1586 Nomentanum,
443 1527 475 1577 tn
499 1537 536 1577 ne
558 1536 718 1595 sequerere
741 1517 881 1577 Cicutam.
1068 1527 1109 1578 ms

123 1603 219 1674 Quare
241 1621 295 1682 per
317 1603 399 1664 divos
421 1612 521 1662 oratus
544 1613 668 1681 uterque
693 1603 819 1674 Penatis,

123 1687 164 1747 Tu
188 1707 258 1749 cave
282 1707 320 1748 ue
343 1689 468 1760 minuas,
492 1698 584 1747 tune
608 1688 701 1747 maius
723 1687 812 1747 lacias
833 1686 872 1759 id,
917 1762 919 1767 ¹

124 1773 208 1843 Quod
231 1773 301 1835 satis
323 1792 387 1834 esse
409 1780 493 1852 putat
516 1781 649 1850 pateret
673 1782 776 1831 natura
800 1780 926 1833 coercet.

123 1857 276 1919 Praeterea
300 1877 338 1918 ne
361 1876 412 1918 vos
433 1857 532 1917 titillet
554 1858 657 1934 gloria,
680 1857 744 1916 iure

124 1942 250 2004 lorando
274 1942 456 2022 obstringam
480 1943 582 2003 ambo:
607 1952 671 2002 uter
693 1942 793 2002 aedilis
817 1941 940 2003 fueritve
1067 1952 1109 2004 teo

125 2028 258 2090 Vestrum
281 2038 408 2108 praetor,
432 2029 456 2089 is
477 2028 653 2088 intestabilis
675 2036 705 2087 et
726 2046 811 2088 sacer
833 2036 905 2089 estu.

122 2112 154 2173 ln
178 2114 275 2176 cicere
297 2124 385 2193 atque
408 2113 473 2173 laba
497 2114 575 2174 bona
598 2123 628 2174 tu
652 2114 818 2192 perdasque
840 2112 958 2191 lupinis,

123 2198 210 2261 Latus
233 2209 266 2260 ut
289 2200 319 2260 in
345 2199 424 2259 circo
447 2199 573 2277 spatiere
596 2208 626 2259 et
648 2217 758 2260 aeneus
783 2209 814 2260 ut
837 2208 905 2271 stes,

124 2282 225 2346 Nudus
248 2285 335 2361 agris,
360 2283 458 2344 nudus
481 2285 618 2353 nummis,
641 2284 756 2356 insane,
780 2281 934 2364 paternis?
1202 2339 1203 2342 ,

125 2369 242 2430 Scilicet
264 2378 297 2429 ut
318 2369 447 2449 plausus,
471 2387 546 2446 quos
569 2370 626 2430 lert
647 2370 784 2448 Agrippa,
808 2371 884 2430 feras
906 2378 949 2442 tu,
1066 2378 1108 2430 tet

124 2453 225 2516 Astuta
247 2454 412 2533 ingenuum
434 2454 536 2533 volpes
559 2455 668 2514 imitata
691 2451 845 2515 leonem‘l'
863 2489 905 2496 —

123 2538 232 2617 Nequis
253 2538 391 2600 humasse
413 2539 480 2600 velit
502 2541 628 2613 Aiacem,
652 2538 762 2612 Atrida,
786 2548 864 2599 vetas
887 2536 962 2598 cur?

120 2615 193 2684 ‘Rex
216 2620 301 2685 sum?
346 2625 393 2686 Nil
415 2624 491 2685 ultra
513 2643 624 2704 quaero
647 2624 788 2702 plebeius.
830 2616 881 2683 ‘Et
903 2641 1026 2700 aequam

123 2707 195 2768 llam
217 2709 372 2788 imperito;
395 2719 424 2769 at
446 2710 519 2770 sicui
541 2709 644 2769 videor
665 2727 726 2768 nou
749 2707 855 2777 iustus,
876 2707 971 2768 inulto

123 2793 225 2854 llicere
249 2796 328 2872 quod
351 2795 442 2856 sentit
464 2787 621 2872 permitto.³
669 2792 793 2852 Maxime
816 2811 930 2870 regum,
1067 2803 1108 2854 190

122 2879 156 2938 lli
178 2879 232 2940 tibi
255 2879 327 2941 dent
349 2889 432 2958 capta
455 2879 576 2941 classem
599 2880 745 2940 deducere
768 2877 863 2938 Troia.

122 2962 200 3044 Ergo
223 2965 380 3026 consulere
401 2974 431 3026 et
453 2984 520 3025 mox
543 2963 724 3044 respondere
747 2960 869 3023 licebit‘l

118 3041 279 3110 ‘Consule'
326 3050 387 3111 Cur
408 3050 479 3110 Aiax
502 3051 589 3111 heros
611 3049 646 3109 ab
670 3048 783 3108 Achille
806 3048 955 3109 secundus

122 3134 262 3209 Putescit‚
284 3136 393 3196 totiens
415 3136 536 3196 servatis
558 3136 654 3196 clarus
676 3134 801 3206 Achivis,

121 3219 253 3280 Gaudeat
274 3230 307 3280 ut
328 3221 458 3300 populus
481 3221 587 3280 Priami
612 3219 803 3296 Priamusque
826 3217 987 3289 inhumato,
1067 3226 1108 3278 tet

122 3305 178 3365 Per
201 3323 290 3382 quem
313 3314 356 3367 tot
377 3307 497 3366 iuvenes
520 3306 613 3384 patrio
638 3321 760 3364 caruere
782 3300 941 3382 sepulcro?

77 3440 240 3452 w

121 3525 150 3577 lll
167 3527 299 3591 v.‚163[t
313 3526 341 3574 H
355 3523 392 3585 ef.
403 3540 491 3589 opusc.
509 3523 538 3573 lll
557 3526 601 3583 48;
622 3522 681 3574 Chr.
702 3523 796 3586 Belger
814 3522 848 3571 M.
868 3522 959 3585 Haupt
975 3521 1015 3570 uls
1032 3521 1107 3572 nond.

77 3593 139 3644 altr-er
154 3611 180 3660 p.
200 3596 250 3647 268
266 3595 343 3659 prob.
356 3593 385 3643 M
397 3590 487 3658 praef.
505 3593 546 3642 ed.
564 3608 589 3643 u.
612 3594 676 3644 1879
692 3606 718 3655 p.
737 3589 818 3654 LVlll,
836 3593 866 3640 at
884 3587 919 3649 cf.
938 3587 963 3638 V
979 3588 1034 3638 ind,
1048 3588 1106 3638 lect.

77 3663 125 3712 nol.
143 3678 167 3712 a.
187 3664 253 3715 1886
273 3666 336 3711 neat.
352 3677 379 3726 p.
400 3664 427 3712 11
443 3677 481 3725 eq.
500 3665 527 3710 et
544 3659 584 3711 Mc
602 3660 665 3710 adn.
689 3661 693 3724 Ι
714 3664 740 3709 01
759 3661 793 3722 (o)
815 3662 818 3719 Ι
842 3661 998 3722 temptantur
1025 3657 1029 3720 Ι
1058 3658 1108 3708 182

82 3731 253 3781 reclinatio
271 3729 426 3779 tribuitMe
452 3730 456 3794 Ι
485 3731 638 3781 larvatas:
666 3728 728 3778 cur?
756 3728 788 3778 A.
818 3724 885 3785 Cioli
909 3724 997 3787 (1871)
1024 3728 1050 3772 et
1077 3725 1107 3774 H.

77 3797 158 3858 'affert
175 3798 202 3848 ll.
223 3815 239 3848 a
259 3796 393 3862 Kmegero
411 3800 441 3846 in
459 3813 520 3861 app,
538 3796 574 3846 ud
591 3798 616 3848 lt.
636 3796 651 3844 l.
670 3796 695 3845 ll.
712 3801 715 3857 l
734 3797 781 3846 188
801 3808 895 3860 quaere
907 3791 945 3841 B·
962 3807 993 3841 m.
1011 3807 1053 3854 pr.
1068 3794 1108 3857 (l),

77 3865 104 3912 td.
122 3865 249 3917 deuterus
266 3882 360 3919 novur.
379 3867 438 3917 leet.
455 3863 488 3915 lV
510 3867 540 3915 12
567 3866 571 3927 1
601 3866 648 3916 189
667 3866 701 3925 at]
720 3862 756 3912 Βιι
773 3866 823 3926 tvl:
842 3877 871 3912 ac
895 3859 899 3927 Ι
925 3861 972 3912 190
992 3859 1053 3925 quid
1072 3863 1108 3925 (u)

77 3942 110 3982 tte
125 3935 177 4000 (ull
194 3937 239 3987 191
260 3933 394 3995 deducere]
412 3934 508 3997 Porplt.
527 3934 574 3995 tvl:
593 3931 712 3982 reducere
728 3931 731 3994 Ι
750 3932 798 3982 194
815 3929 940 3995 putrescit
957 3930 992 3992 (o)

857 4014 904 4067 ll*
