2474 4440
120 258 162 316 54
528 264 699 318 CARMINUM
717 268 747 319 lll
765 272 789 323 4.

190 440 204 488 5
248 431 382 492 Auditis?
398 450 434 493 an
452 452 498 494 me
515 434 587 494 ludit
602 437 733 497 amabilis

247 515 385 577 lnsania‘l
401 518 501 578 audire
518 530 546 579 et
560 520 661 581 videor
677 522 741 600 pios

290 601 397 661 Errare
412 621 466 680 per
482 604 572 678 lucos,
588 623 729 666 amoenae

343 686 423 756 Quos
440 698 470 746 et
486 688 578 767 aquae
593 689 724 751 subeunt
739 701 768 752 et
782 713 880 756 aurae.

246 836 291 896 lle
307 836 457 898 fabulosae
475 838 593 901 Volture
608 842 638 900 in
652 843 748 920 Apulo

174 928 202 978 10
248 921 378 982 Nutricis
394 933 474 982 extra
490 924 590 984 limina
608 926 717 987 Pulliae

293 1006 376 1066 Ludo
392 1008 604 1088 fatigatumque
619 1029 725 1071 somno

344 1091 462 1152 Fronde
478 1112 552 1153 nova
568 1113 694 1173 puerum
709 1097 863 1175 palumbes

244 1245 365 1318 Tenere,
381 1247 488 1305 mirum
506 1246 584 1325 quod
599 1248 676 1307 foret
692 1249 840 1320 omnibus,

246 1329 431 1408 Quicumque
447 1331 542 1392 celsae
559 1330 660 1391 nidum
676 1332 872 1394 Acheruntiae

172 1423 200 1473 15
213 1490 217 1495 ¹
286 1416 441 1493 Saltusque
458 1416 600 1476 Bantinos
615 1427 645 1476 et
658 1435 759 1477 arvum

341 1501 454 1578 Pingue
470 1511 575 1561 tenent
590 1502 708 1562 humilis
723 1502 856 1573 Forenti,

245 1650 283 1711 Ut
297 1661 361 1711 tuto
376 1650 413 1711 ab
429 1652 500 1713 atris
516 1670 642 1731 corpore
658 1653 765 1731 viperis

243 1734 407 1795 Dormirem
424 1749 453 1796 et
468 1737 552 1810 ursis,
569 1749 602 1797 ut
616 1756 769 1816 premerer
783 1757 865 1800 saera

288 1819 447 1898 Lauroque
464 1822 637 1900 conlataque
653 1833 757 1902 myrto,
834 1853 837 1858 ·

171 1911 200 1961 20
349 1906 413 1964 Non
431 1907 554 1967 sinodis
571 1907 721 1967 animosus
736 1907 843 1968 infans.

243 2056 354 2129 Vester,
371 2057 523 2130 Camenae,
540 2066 637 2117 vester
652 2059 681 2117 in
699 2059 807 2121 arduos

241 2140 344 2201 Tollor
359 2142 493 2214 Sabinos,
508 2161 561 2202 seu
576 2143 647 2202 mihi
663 2143 800 2220 frigidum

288 2227 447 2287 Praeneste
461 2246 514 2288 seu
530 2226 623 2287 Tibur
637 2229 776 2306 supinum

341 2311 398 2372 Seu
411 2311 538 2390 liquidae
553 2313 691 2390 placuere
707 2314 808 2388 Baiae;

172 2474 200 2522 ‘25
245 2464 356 2525 Vestris
371 2465 496 2526 amioum
514 2465 645 2526 lontibus
661 2475 691 2526 et
706 2465 806 2526 eboris

241 2551 308 2611 Non
324 2567 370 2609 me
387 2550 530 2629 Philippis
546 2568 626 2610 versa
643 2551 720 2611 acies
736 2561 826 2621 retro,

287 2634 396 2695 Devota
414 2653 475 2694 non
492 2635 631 2695 exstinxit
645 2636 735 2695 arhor

339 2719 400 2780 Neo
418 2719 515 2780 Sieula
532 2720 687 2781 Palinurus
703 2720 791 2781 unda.

111 2863 315 2882 *—

198 2985 231 3035 lV
244 3004 267 3039 a.
283 2993 313 3041 10
333 2988 430 3040 altricis
442 2991 477 3053 (v)
492 2991 496 3054 Ι
512 2989 598 3039 limina
618 2987 726 3051 Pulliae]
746 3004 770 3051 a,
788 2987 860 3051 quod
877 3002 930 3036 non
948 3002 1046 3036 nomen
1062 3003 1076 3051 p

113 3049 182 3102 elusi
210 3054 309 3116 finibus
327 3056 473 3107 Venusinis
499 3072 559 3108 enm
578 3056 723 3106 Baionelero
751 3057 900 3105 eonieetan
926 3071 951 3104 a.
978 3056 1076 3118 lilissp

113 3136 167 3169 esse
180 3136 279 3189 censeo,
295 3126 341 3176 sed
359 3139 418 3174 enm
429 3125 529 3175 scholio
543 3125 633 3188 aliquo
643 3125 767 3174 Parisino
785 3125 818 3172 ab
839 3121 886 3172 OK
896 3125 925 3172 in
941 3122 981 3174 ed.
998 3125 1063 3172 min.

113 3187 196 3239 allato
214 3193 300 3255 ipsius
318 3193 449 3253 nutrieir,·
472 3207 568 3241 nomen
591 3193 658 3241 satis
675 3189 803 3256 frequens
826 3195 907 3255 atque
924 3194 954 3239 in
971 3207 1002 3241 ea
1020 3192 1076 3254 poti

40 3267 44 3272 ·
112 3259 223 3320 regione
246 3257 331 3318 fnisse
352 3261 470 3325 probant
496 3261 685 3322 inscriptiones
708 3275 732 3308 v.
751 3257 806 3308 CIL
824 3257 832 3306 l
851 3274 877 3310 n.
897 3261 911 3308 5
930 3256 1037 3321 (Palio);
1062 3261 1075 3309 5

114 3325 214 3385 15567;
244 3327 314 3393 lique
330 3332 360 3378 in
377 3328 433 3379 ind.
452 3326 484 3377 lx
505 3344 530 3391 p.
551 3329 599 3378 723
624 3332 649 3376 ei
672 3326 693 3376 X
714 3343 742 3391 p.
764 3327 828 3376 1052
850 3325 966 3375 indicati
984 3327 1059 3387 [leaeo

112 3392 314 3461 {adnotaveram
339 3395 448 3445 eandem
475 3397 634 3445 sententiam
657 3397 687 3443 in
706 3397 828 3444 oratione
846 3392 870 3443 d.
889 3396 920 3444 27
940 3408 973 3442 m.
992 3393 1050 3442 Ian.
1074 3424 1076 3440 .

112 3464 143 3510 in
161 3462 237 3512 aeadt
256 3480 312 3529 reg.
331 3464 419 3515 Berol.
439 3465 560 3513 habitam
585 3479 601 3512 a
623 3461 669 3512 ΤΙι.
687 3462 848 3512 Mommseno
871 3461 1008 3525 prolatam
1026 3478 1076 3510 esse

112 3545 135 3580 v.
154 3534 231 3582 nuni.
251 3535 326 3585 acad.
341 3531 427 3584 uerat.
446 3548 472 3582 a.
494 3533 559 3584 1889
575 3546 603 3596 p.
616 3532 639 3589 8,
661 3533 686 3591 1;
709 3529 802 3579 Pulliis
824 3543 911 3593 nuper
929 3532 1039 3578 accessit
1057 3532 1076 3578 ii

107 3611 196 3662 prope
213 3599 317 3651 Forum
336 3601 425 3651 Clodii
447 3604 554 3663 reperta
578 3599 624 3649 Cn.
642 3598 747 3648 Pullius
764 3597 850 3648 Pollio
872 3613 897 3657 n.
917 3596 1063 3646 Mommsen

109 3665 177 3730 phil.
211 3669 256 3733 13,
285 3672 332 3721 129
341 3686 413 3733 sqq.,·
449 3665 484 3726 ef.
516 3669 597 3716 eiiam
631 3682 670 3730 ep.
700 3665 816 3716 Cornelii
844 3664 911 3715 Celsi
938 3680 1007 3728 qnae
1033 3663 1077 3724 fer

109 3733 230 3784 Puiiinm
252 3736 376 3788 Natalem
399 3739 481 3787 inser.
507 3739 533 3784 at
555 3734 582 3802 §.
603 3736 617 3785 1
639 3750 666 3797 p.
686 3734 719 3784 20
742 3734 783 3785 ed.
803 3733 960 3783 Heimreiela.
980 3733 1068 3784 limina

108 3804 342 3855 commendauerat
370 3807 413 3857 W.
434 3805 561 3854 Prinner
586 3802 679 3866 plaiioi.
709 3804 748 3863 12,
778 3803 825 3853 196
856 3803 913 3864 ipse
939 3804 1056 3850 nominis

106 3871 233 3934 enempla
250 3889 414 3938 proponens:
434 3879 518 3922 tamen
538 3871 639 3937 apuliae
657 3885 672 3918 a
689 3869 693 3933 Ι
712 3872 742 3920 14
760 3868 923 3919 acherontiae
936 3883 951 3916 v
964 3869 1076 3920 Acerunt

111 3939 255 3990 Mommsen
269 3940 324 3991 CIL
341 3940 374 3991 lX
391 3956 418 4004 p.
439 3941 491 4006 431
511 3941 540 3991 16
560 3938 670 4001 Forenti]
691 3953 706 3986 a
725 3934 760 3995 ef.
774 3935 962 3986 Mommsenins
980 3936 998 3989 l.
1018 3937 1050 3989 l.:
1068 3935 1076 3986 l
