2474 4440
391 243 563 298 candiduli
582 246 614 298 lv
633 251 656 300 3.
677 253 700 302 t.

138 413 245 473 'lotum
269 416 402 475 muneris
424 417 481 477 hoc
503 418 545 478 tui
569 429 621 488 est,

188 497 272 567 Quod
296 509 445 560 monstror
468 502 558 580 digito
581 508 830 582 praetereuntium

141 582 291 643 Romanae
315 584 418 646 fidicen
443 587 537 665 lyrae:

187 666 272 736 Quod
296 669 377 747 spiro
400 680 429 731 et
451 672 563 749 placeo,
587 673 611 733 si
633 673 745 752 placeo,
768 687 851 737 tuum
875 687 926 737 est.

474 875 625 885 ——.

534 1024 570 1082 lV

144 1138 265 1208 Qualem
288 1141 456 1202 ministrum
479 1144 609 1203 fulminis
631 1145 738 1217 alitem,

143 1223 193 1284 Cui
216 1243 268 1284 rex
291 1226 413 1286 deorum
437 1245 561 1307 regnum
586 1229 615 1288 in
639 1231 698 1291 avis
721 1250 805 1312 vagas

187 1310 324 1371 Permisit
346 1321 485 1389 expertus
507 1313 622 1372 fidelem

238 1395 372 1473 luppiter
395 1397 424 1456 in
449 1397 616 1476 Ganymede
638 1399 722 1472 ssavo,

144 1511 217 1572 Olim
241 1515 374 1575 iuventas
397 1524 427 1595 et
448 1516 559 1595 patrius
581 1517 665 1595 vigor

142 1597 214 1658 Nido
236 1597 372 1658 laborum
395 1594 526 1679 propulit
548 1602 673 1661 inscium

187 1682 337 1761 Vernique
360 1684 417 1743 iam
442 1685 548 1745 nimbis
571 1686 691 1745 remotis

239 1767 377 1829 lusolitos
400 1769 527 1831 docuere
552 1771 632 1831 uisus

142 1884 227 1945 Venti
250 1897 416 1967 paventem,
439 1906 507 1948 mox
528 1888 559 1948 iu
583 1889 666 1948 ovilia

144 1970 264 2032 Demisit
284 1971 400 2032 hostem
423 1973 533 2033 vividus
555 1974 692 2052 impetus,

187 2056 274 2116 Nunc
297 2057 326 2116 in
351 2058 523 2118 reluctantis
546 2059 690 2118 dracones

238 2140 306 2220 Egit
328 2159 412 2202 amor
433 2144 515 2222 dapis
538 2151 625 2221 atque
648 2161 775 2222 pugnae,

142 2256 298 2327 Oualemve
322 2261 404 2321 laetis
427 2279 532 2341 caprea
553 2262 671 2340 pascuis

142 2344 257 2404 lutenta
281 2346 374 2405 fulvae
398 2347 499 2406 matris
521 2345 556 2405 ab
579 2346 682 2406 ubere.

186 2429 247 2488 lam
268 2430 342 2491 lacte
365 2431 520 2509 depulsum
542 2430 659 2490 leonem

238 2513 333 2575 Dente
357 2534 432 2576 novo
455 2517 585 2593 peritura
608 2515 691 2575 vidit:

143 2629 244 2691 Videre
268 2632 367 2694 Raetis
390 2633 465 2694 bella
487 2634 543 2694 sub
566 2633 688 2712 Alpibus

144 2715 270 2776 Drusum
294 2727 446 2794 gerentem
469 2718 612 2778 Vindelici
634 2752 647 2761 -
670 2718 777 2796 quibus

187 2800 252 2861 Mos
274 2802 353 2863 unde
377 2803 521 2863 deductus
542 2821 596 2882 per
618 2821 706 2863 omne

238 2885 368 2966 Tempus
391 2889 546 2947 Amazonia
570 2889 666 2946 securi

142 3003 263 3065 dextras
285 3004 428 3075 charmel,
452 3025 593 3084 quaerere
616 3005 723 3075 distuli,

143 3087 202 3148 Nec
225 3089 300 3150 scire
323 3091 366 3150 las
388 3101 432 3150 est
455 3092 552 3151 omnia
575 3124 599 3160 -‚
622 3091 671 3151 sed
696 3091 745 3150 diu

188 3174 319 3251 Lateque
341 3176 477 3236 victrices
499 3184 630 3236 catervae

240 3258 376 3320 Consiliis
399 3261 512 3321 iuvenis
535 3260 659 3321 revictae

96 3408 216 3419 §—

102 3505 128 3558 lll
146 3525 168 3561 c.
189 3511 282 3574 llsqq.
309 3511 346 3560 lui
371 3515 421 3561 est:
447 3509 662 3575 Quod—lyrae,
687 3509 754 3575 quod
773 3511 806 3561 F.
826 3507 857 3560 V.
879 3507 976 3558 Gruccr
994 3522 1088 3574 progr.

96 3593 106 3627 ι.
126 3576 153 3631 U.
173 3579 206 3629 L.
224 3577 258 3629 F.
277 3579 466 3643 Parthenopen
486 3595 511 3628 o.
533 3579 598 3630 1868
618 3593 644 3640 p.
666 3578 697 3629 28
717 3578 792 3627 adn!
823 3579 826 3638 Ι
858 3578 950 3641 22qu.
977 3584 1089 3644 praeter-

96 3659 141 3696 rm:
161 3645 294 3696 Romanae
312 3643 405 3696 fidicen
423 3646 494 3712 lyrae
512 3645 580 3711 quod
599 3645 761 3700 Ditrztzerus.
779 3644 948 3694 Eclcrter'm'os
967 3642 1012 3708 (ef.
1033 3645 1050 3694 l.
1069 3643 1086 3695 l.

98 3780 129 3831 lV
148 3797 171 3833 υ.
195 3781 366 3847 'luernisque
385 3783 420 3846 (o)
446 3781 530 3846 (prob.
552 3781 648 3843 Beati.)
664 3780 668 3846 Ι
687 3781 718 3830 de
743 3797 766 3832 v.
791 3782 882 3843 lasqq.
910 3781 1089 3841 interpretan-

96 3847 214 3911 tri-Pl
241 3852 269 3899 l'l
290 3848 386 3911 Raetis]
410 3850 446 3912 (a)
471 3847 506 3900 N.
528 3850 652 3898 Heinsius
675 3848 777 3899 dealt:
806 3846 876 3897 Raeti
901 3847 904 3910 Ι
929 3848 970 3909 [18
995 3844 1088 3910 quibus

105 3916 160 3980 sed]
180 3916 227 3968 Md
252 3917 256 3981 1
281 3918 314 3969 24
334 3930 467 3984 repressae
486 3919 581 3981 Porpla.
600 3914 720 3967 reductae
739 3920 776 3980 (o)
