<?xml version="1.0" encoding="UTF-8"?>
<!DOCTYPE html PUBLIC "-//W3C//DTD XHTML 1.0 Transitional//EN"
    "http://www.w3.org/TR/xhtml1/DTD/xhtml1-transitional.dtd">
<html xmlns="http://www.w3.org/1999/xhtml" xml:lang="en" lang="en">
 <head>
  <title>
</title>
<meta http-equiv="Content-Type" content="text/html;charset=utf-8" />
  <meta name='ocr-system' content='tesseract 3.04.00' />
  <meta name='ocr-capabilities' content='ocr_page ocr_carea ocr_par ocr_line ocrx_word'/>
</head>
<body>
  <div class='ocr_page' id='page_1' title='image "./qhoratiiflaccic00hertgoog_0219.png"; bbox 0 0 2474 4440; ppageno 0'>
   <div class='ocr_carea' id='block_1_1' title="bbox 126 235 848 340">
    <p class='ocr_par' dir='ltr' id='par_1_1' title="bbox 126 235 848 340">
     <span class='ocr_line' id='line_1_1' title="bbox 126 235 848 340; baseline -0.003 -48"><span class='ocrx_word' id='word_1_1' title='bbox 126 235 189 295; x_wconf 85' lang='grc'>204</span> <span class='ocrx_word' id='word_1_2' title='bbox 503 236 734 289; x_wconf 81' lang='lat' dir='ltr'>EPlSTULdRUbl</span> <span class='ocrx_word' id='word_1_3' title='bbox 751 236 762 289; x_wconf 98' lang='lat' dir='ltr'>l</span> <span class='ocrx_word' id='word_1_4' title='bbox 781 240 821 290; x_wconf 88' lang='grc'>16.</span> <span class='ocrx_word' id='word_1_5' title='bbox 844 318 848 340; x_wconf 47' lang='grc' dir='ltr'>Ι</span> 
     </span>
    </p>
   </div>
   <div class='ocr_carea' id='block_1_2' title="bbox 106 409 1152 3722">
    <p class='ocr_par' dir='ltr' id='par_1_2' title="bbox 106 409 1152 3722">
     <span class='ocr_line' id='line_1_2' title="bbox 211 409 992 471; baseline 0.001 -2"><span class='ocrx_word' id='word_1_6' title='bbox 211 409 314 471; x_wconf 84' lang='lat' dir='ltr'>Falsus</span> <span class='ocrx_word' id='word_1_7' title='bbox 336 411 435 471; x_wconf 92' lang='lat' dir='ltr'>bonor</span> <span class='ocrx_word' id='word_1_8' title='bbox 457 411 533 470; x_wconf 89' lang='lat' dir='ltr'>iuvat</span> <span class='ocrx_word' id='word_1_9' title='bbox 556 418 585 470; x_wconf 92' lang='lat' dir='ltr'>et</span> <span class='ocrx_word' id='word_1_10' title='bbox 608 409 732 470; x_wconf 82' lang='lat' dir='ltr'>mendax</span> <span class='ocrx_word' id='word_1_11' title='bbox 754 410 874 470; x_wconf 83' lang='lat' dir='ltr'>infamia</span> <span class='ocrx_word' id='word_1_12' title='bbox 897 418 992 470; x_wconf 89' lang='lat' dir='ltr'>terret</span> 
     </span>
     <span class='ocr_line' id='line_1_3' title="bbox 211 492 1075 565; baseline 0.005 -11"><span class='ocrx_word' id='word_1_13' title='bbox 211 494 306 565; x_wconf 84' lang='lat' dir='ltr'><strong>Quem</strong></span> <span class='ocrx_word' id='word_1_14' title='bbox 330 496 386 557; x_wconf 89' lang='lat' dir='ltr'>nisi</span> <span class='ocrx_word' id='word_1_15' title='bbox 409 495 584 556; x_wconf 90' lang='lat' dir='ltr'>mendosum</span> <span class='ocrx_word' id='word_1_16' title='bbox 607 504 636 555; x_wconf 90' lang='lat' dir='ltr'>et</span> <span class='ocrx_word' id='word_1_17' title='bbox 659 492 888 556; x_wconf 79' lang='lat' dir='ltr'>medicandum?</span> <span class='ocrx_word' id='word_1_18' title='bbox 910 495 954 555; x_wconf 85' lang='lat' dir='ltr'>vir</span> <span class='ocrx_word' id='word_1_19' title='bbox 977 494 1075 558; x_wconf 91' lang='lat' dir='ltr'>bonus</span> 
     </span>
     <span class='ocr_line' id='line_1_4' title="bbox 890 579 1047 659; baseline 0 -19"><span class='ocrx_word' id='word_1_20' title='bbox 890 579 1047 659; x_wconf 81' lang='lat' dir='ltr'>estquis?</span> 
     </span>
     <span class='ocr_line' id='line_1_5' title="bbox 207 657 1038 744; baseline 0.002 -20"><span class='ocrx_word' id='word_1_21' title='bbox 207 657 278 735; x_wconf 86' lang='lat' dir='ltr'>‘Qui</span> <span class='ocrx_word' id='word_1_22' title='bbox 302 665 436 726; x_wconf 90' lang='lat' dir='ltr'>consulta</span> <span class='ocrx_word' id='word_1_23' title='bbox 458 673 587 743; x_wconf 85' lang='lat' dir='ltr'>patrum,</span> <span class='ocrx_word' id='word_1_24' title='bbox 610 665 659 744; x_wconf 90' lang='lat' dir='ltr'>qui</span> <span class='ocrx_word' id='word_1_25' title='bbox 682 665 762 744; x_wconf 90' lang='lat' dir='ltr'>leges</span> <span class='ocrx_word' id='word_1_26' title='bbox 784 664 908 743; x_wconf 89' lang='lat' dir='ltr'>iuraque</span> <span class='ocrx_word' id='word_1_27' title='bbox 930 675 1038 741; x_wconf 89' lang='lat' dir='ltr'>servat,</span> 
     </span>
     <span class='ocr_line' id='line_1_6' title="bbox 211 748 994 830; baseline 0.004 -21"><span class='ocrx_word' id='word_1_28' title='bbox 211 748 278 820; x_wconf 86' lang='lat' dir='ltr'>Quo</span> <span class='ocrx_word' id='word_1_29' title='bbox 301 750 410 811; x_wconf 90' lang='lat' dir='ltr'>multae</span> <span class='ocrx_word' id='word_1_30' title='bbox 432 768 616 830; x_wconf 77' lang='lat' dir='ltr'>magnaeque</span> <span class='ocrx_word' id='word_1_31' title='bbox 639 758 777 811; x_wconf 80' lang='lat' dir='ltr'><strong>secantur</strong></span> <span class='ocrx_word' id='word_1_32' title='bbox 798 749 895 811; x_wconf 93' lang='lat' dir='ltr'>iudice</span> <span class='ocrx_word' id='word_1_33' title='bbox 917 749 994 823; x_wconf 90' lang='lat' dir='ltr'>lites,</span> 
     </span>
     <span class='ocr_line' id='line_1_7' title="bbox 210 831 1061 914; baseline 0.002 -20"><span class='ocrx_word' id='word_1_34' title='bbox 210 832 277 904; x_wconf 84' lang='lat' dir='ltr'>Quo</span> <span class='ocrx_word' id='word_1_35' title='bbox 300 854 348 896; x_wconf 92' lang='lat' dir='ltr'>res</span> <span class='ocrx_word' id='word_1_36' title='bbox 370 854 516 914; x_wconf 89' lang='lat' dir='ltr'>sponsore</span> <span class='ocrx_word' id='word_1_37' title='bbox 539 844 649 914; x_wconf 90' lang='lat' dir='ltr'>etque</span> <span class='ocrx_word' id='word_1_38' title='bbox 672 853 777 895; x_wconf 92' lang='lat' dir='ltr'>causae</span> <span class='ocrx_word' id='word_1_39' title='bbox 799 843 874 895; x_wconf 90' lang='lat' dir='ltr'>teste</span> <span class='ocrx_word' id='word_1_40' title='bbox 896 831 1061 896; x_wconf 66' lang='lat' dir='ltr'>tenentur?</span> 
     </span>
     <span class='ocr_line' id='line_1_8' title="bbox 212 919 981 982; baseline 0.001 -2"><span class='ocrx_word' id='word_1_41' title='bbox 212 919 269 980; x_wconf 85' lang='lat' dir='ltr'>Sed</span> <span class='ocrx_word' id='word_1_42' title='bbox 291 919 369 980; x_wconf 85' lang='lat' dir='ltr'>videt</span> <span class='ocrx_word' id='word_1_43' title='bbox 391 921 472 982; x_wconf 90' lang='lat' dir='ltr'>hunc</span> <span class='ocrx_word' id='word_1_44' title='bbox 494 921 592 981; x_wconf 91' lang='lat' dir='ltr'>omnis</span> <span class='ocrx_word' id='word_1_45' title='bbox 614 921 718 981; x_wconf 93' lang='lat' dir='ltr'>domus</span> <span class='ocrx_word' id='word_1_46' title='bbox 741 930 770 980; x_wconf 92' lang='lat' dir='ltr'>et</span> <span class='ocrx_word' id='word_1_47' title='bbox 791 920 896 981; x_wconf 87' lang='lat' dir='ltr'>vicinia</span> <span class='ocrx_word' id='word_1_48' title='bbox 919 928 981 981; x_wconf 91' lang='lat' dir='ltr'>tota</span> 
     </span>
     <span class='ocr_line' id='line_1_9' title="bbox 140 1004 1019 1150; baseline 0 -85"><span class='ocrx_word' id='word_1_49' title='bbox 140 1016 150 1028; x_wconf 84' lang='lat'>&#39;</span> <span class='ocrx_word' id='word_1_50' title='bbox 210 1004 375 1066; x_wconf 89' lang='lat' dir='ltr'>lntrorsum</span> <span class='ocrx_word' id='word_1_51' title='bbox 398 1014 526 1084; x_wconf 81' lang='lat' dir='ltr'>turpem,</span> <span class='ocrx_word' id='word_1_52' title='bbox 548 1006 725 1150; x_wconf 62' lang='lat' dir='ltr'>spesciosum</span> <span class='ocrx_word' id='word_1_53' title='bbox 737 1005 815 1084; x_wconf 90' lang='lat' dir='ltr'>pelle</span> <span class='ocrx_word' id='word_1_54' title='bbox 837 1004 953 1065; x_wconf 90' lang='lat' dir='ltr'>decora.</span> <span class='ocrx_word' id='word_1_55' title='bbox 975 1040 1019 1051; x_wconf 95' lang='lat'>—</span> 
     </span>
     <span class='ocr_line' id='line_1_10' title="bbox 206 1082 922 1170; baseline 0 -20"><span class='ocrx_word' id='word_1_56' title='bbox 206 1082 280 1151; x_wconf 89' lang='lat' dir='ltr'>‘Nec</span> <span class='ocrx_word' id='word_1_57' title='bbox 303 1091 414 1151; x_wconf 86' lang='lat' dir='ltr'>lurtum</span> <span class='ocrx_word' id='word_1_58' title='bbox 438 1091 493 1151; x_wconf 88' lang='lat' dir='ltr'>leci</span> <span class='ocrx_word' id='word_1_59' title='bbox 517 1109 572 1151; x_wconf 91' lang='lat' dir='ltr'>nec</span> <span class='ocrx_word' id='word_1_60' title='bbox 594 1086 678 1170; x_wconf 86' lang='lat' dir='ltr'>lugit&#39;</span> <span class='ocrx_word' id='word_1_61' title='bbox 703 1091 727 1152; x_wconf 91' lang='lat' dir='ltr'>si</span> <span class='ocrx_word' id='word_1_62' title='bbox 750 1089 822 1150; x_wconf 92' lang='lat' dir='ltr'>mibi</span> <span class='ocrx_word' id='word_1_63' title='bbox 845 1089 922 1150; x_wconf 92' lang='lat' dir='ltr'>dicat</span> 
     </span>
     <span class='ocr_line' id='line_1_11' title="bbox 210 1165 1014 1255; baseline 0.002 -20"><span class='ocrx_word' id='word_1_64' title='bbox 210 1175 332 1237; x_wconf 86' lang='lat' dir='ltr'>Servus.</span> <span class='ocrx_word' id='word_1_65' title='bbox 352 1167 456 1236; x_wconf 91' lang='lat' dir='ltr'>‘habes</span> <span class='ocrx_word' id='word_1_66' title='bbox 479 1176 616 1255; x_wconf 90' lang='lat' dir='ltr'>pretium,</span> <span class='ocrx_word' id='word_1_67' title='bbox 640 1176 711 1237; x_wconf 91' lang='lat' dir='ltr'>loris</span> <span class='ocrx_word' id='word_1_68' title='bbox 734 1195 795 1236; x_wconf 96' lang='lat' dir='ltr'>non</span> <span class='ocrx_word' id='word_1_69' title='bbox 818 1165 923 1236; x_wconf 89' lang='lat' dir='ltr'>ureris’</span> <span class='ocrx_word' id='word_1_70' title='bbox 948 1177 1014 1250; x_wconf 91' lang='lat' dir='ltr'>aio;</span> 
     </span>
     <span class='ocr_line' id='line_1_12' title="bbox 208 1250 1147 1341; baseline 0.002 -21.029"><span class='ocrx_word' id='word_1_71' title='bbox 208 1251 287 1320; x_wconf 89' lang='lat' dir='ltr'>‘Non</span> <span class='ocrx_word' id='word_1_72' title='bbox 310 1260 462 1321; x_wconf 91' lang='lat' dir='ltr'>bominem</span> <span class='ocrx_word' id='word_1_73' title='bbox 485 1260 604 1321; x_wconf 88' lang='lat' dir='ltr'>occidi&#39;:</span> <span class='ocrx_word' id='word_1_74' title='bbox 624 1253 703 1322; x_wconf 86' lang='lat' dir='ltr'>‘Non</span> <span class='ocrx_word' id='word_1_75' title='bbox 727 1279 831 1341; x_wconf 91' lang='lat' dir='ltr'>pasces</span> <span class='ocrx_word' id='word_1_76' title='bbox 853 1261 883 1320; x_wconf 93' lang='lat' dir='ltr'>in</span> <span class='ocrx_word' id='word_1_77' title='bbox 906 1278 998 1322; x_wconf 89' lang='lat' dir='ltr'>cruce</span> <span class='ocrx_word' id='word_1_78' title='bbox 1021 1250 1147 1322; x_wconf 68' lang='lat' dir='ltr'>corvos.³</span> 
     </span>
     <span class='ocr_line' id='line_1_13' title="bbox 207 1337 1080 1443; baseline 0.001 -37"><span class='ocrx_word' id='word_1_79' title='bbox 207 1337 292 1406; x_wconf 91' lang='lat' dir='ltr'>‘Sum</span> <span class='ocrx_word' id='word_1_80' title='bbox 315 1344 413 1407; x_wconf 90' lang='lat' dir='ltr'>bonus</span> <span class='ocrx_word' id='word_1_81' title='bbox 436 1356 465 1406; x_wconf 91' lang='lat' dir='ltr'>et</span> <span class='ocrx_word' id='word_1_82' title='bbox 487 1340 590 1424; x_wconf 81' lang='lat' dir='ltr'>frugi:</span> <span class='ocrx_word' id='word_1_83' title='bbox 615 1346 715 1406; x_wconf 90' lang='lat' dir='ltr'>renuit</span> <span class='ocrx_word' id='word_1_84' title='bbox 737 1346 908 1443; x_wconf 79' lang='lat' dir='ltr'>negitatque</span> <span class='ocrx_word' id='word_1_85' title='bbox 931 1346 1080 1408; x_wconf 80' lang='lat' dir='ltr'>Sabellus.</span> 
     </span>
     <span class='ocr_line' id='line_1_14' title="bbox 210 1429 1017 1510; baseline 0.002 -19"><span class='ocrx_word' id='word_1_86' title='bbox 210 1429 320 1492; x_wconf 82' lang='lat' dir='ltr'>Cautus</span> <span class='ocrx_word' id='word_1_87' title='bbox 343 1432 421 1492; x_wconf 90' lang='lat' dir='ltr'>enim</span> <span class='ocrx_word' id='word_1_88' title='bbox 447 1433 550 1492; x_wconf 90' lang='lat' dir='ltr'>metuit</span> <span class='ocrx_word' id='word_1_89' title='bbox 573 1432 684 1492; x_wconf 79' lang='lat' dir='ltr'>foveam</span> <span class='ocrx_word' id='word_1_90' title='bbox 707 1431 795 1510; x_wconf 91' lang='lat' dir='ltr'>lupus</span> <span class='ocrx_word' id='word_1_91' title='bbox 817 1431 1017 1510; x_wconf 83' lang='lat' dir='ltr'>accipiterque</span> 
     </span>
     <span class='ocr_line' id='line_1_15' title="bbox 211 1515 1076 1597; baseline 0 -21"><span class='ocrx_word' id='word_1_92' title='bbox 211 1515 372 1594; x_wconf 81' lang='lat' dir='ltr'>Suspectus</span> <span class='ocrx_word' id='word_1_93' title='bbox 394 1517 515 1594; x_wconf 92' lang='lat' dir='ltr'>laqueos</span> <span class='ocrx_word' id='word_1_94' title='bbox 538 1527 567 1576; x_wconf 91' lang='lat' dir='ltr'>et</span> <span class='ocrx_word' id='word_1_95' title='bbox 590 1526 726 1597; x_wconf 90' lang='lat' dir='ltr'>opertum</span> <span class='ocrx_word' id='word_1_96' title='bbox 748 1516 856 1576; x_wconf 94' lang='lat' dir='ltr'>miluus</span> <span class='ocrx_word' id='word_1_97' title='bbox 878 1516 1008 1578; x_wconf 90' lang='lat' dir='ltr'>bamum.</span> <span class='ocrx_word' id='word_1_98' title='bbox 1032 1553 1076 1564; x_wconf 95' lang='lat'><em>-</em></span> 
     </span>
     <span class='ocr_line' id='line_1_16' title="bbox 211 1600 863 1680; baseline -0.002 -19"><span class='ocrx_word' id='word_1_99' title='bbox 211 1600 347 1662; x_wconf 88' lang='lat' dir='ltr'>Oderunt</span> <span class='ocrx_word' id='word_1_100' title='bbox 369 1620 494 1680; x_wconf 90' lang='lat' dir='ltr'>peccare</span> <span class='ocrx_word' id='word_1_101' title='bbox 515 1601 588 1662; x_wconf 91' lang='lat' dir='ltr'>boni</span> <span class='ocrx_word' id='word_1_102' title='bbox 610 1601 726 1662; x_wconf 90' lang='lat' dir='ltr'>virtutis</span> <span class='ocrx_word' id='word_1_103' title='bbox 748 1619 863 1661; x_wconf 89' lang='lat' dir='ltr'>amore:</span> 
     </span>
     <span class='ocr_line' id='line_1_17' title="bbox 211 1685 945 1764; baseline 0.001 -19"><span class='ocrx_word' id='word_1_104' title='bbox 211 1686 256 1746; x_wconf 86' lang='lat' dir='ltr'>Tu</span> <span class='ocrx_word' id='word_1_105' title='bbox 279 1687 351 1747; x_wconf 91' lang='lat' dir='ltr'>nibil</span> <span class='ocrx_word' id='word_1_106' title='bbox 374 1687 509 1748; x_wconf 89' lang='lat' dir='ltr'>admittes</span> <span class='ocrx_word' id='word_1_107' title='bbox 530 1687 561 1747; x_wconf 92' lang='lat' dir='ltr'>in</span> <span class='ocrx_word' id='word_1_108' title='bbox 584 1695 613 1747; x_wconf 89' lang='lat' dir='ltr'>te</span> <span class='ocrx_word' id='word_1_109' title='bbox 635 1685 793 1747; x_wconf 84' lang='lat' dir='ltr'>formidine</span> <span class='ocrx_word' id='word_1_110' title='bbox 815 1703 945 1764; x_wconf 89' lang='lat' dir='ltr'>poenae;</span> 
     </span>
     <span class='ocr_line' id='line_1_18' title="bbox 211 1769 925 1851; baseline -0.001 -19"><span class='ocrx_word' id='word_1_111' title='bbox 211 1771 256 1832; x_wconf 90' lang='lat' dir='ltr'>Sit</span> <span class='ocrx_word' id='word_1_112' title='bbox 276 1790 345 1851; x_wconf 90' lang='lat' dir='ltr'>spes</span> <span class='ocrx_word' id='word_1_113' title='bbox 367 1772 496 1844; x_wconf 83' lang='lat' dir='ltr'>fallendi,</span> <span class='ocrx_word' id='word_1_114' title='bbox 519 1769 657 1833; x_wconf 91' lang='lat' dir='ltr'>miscebis</span> <span class='ocrx_word' id='word_1_115' title='bbox 679 1789 760 1833; x_wconf 90' lang='lat' dir='ltr'>sacra</span> <span class='ocrx_word' id='word_1_116' title='bbox 784 1771 925 1850; x_wconf 81' lang='lat' dir='ltr'>profanis.</span> 
     </span>
     <span class='ocr_line' id='line_1_19' title="bbox 210 1856 1045 1936; baseline 0 -20"><span class='ocrx_word' id='word_1_117' title='bbox 210 1856 284 1917; x_wconf 93' lang='lat' dir='ltr'>Nam</span> <span class='ocrx_word' id='word_1_118' title='bbox 306 1856 342 1918; x_wconf 94' lang='lat' dir='ltr'>de</span> <span class='ocrx_word' id='word_1_119' title='bbox 365 1858 443 1918; x_wconf 91' lang='lat' dir='ltr'>mille</span> <span class='ocrx_word' id='word_1_120' title='bbox 466 1857 551 1918; x_wconf 87' lang='lat' dir='ltr'>labae</span> <span class='ocrx_word' id='word_1_121' title='bbox 574 1857 679 1918; x_wconf 93' lang='lat' dir='ltr'>modiis</span> <span class='ocrx_word' id='word_1_122' title='bbox 702 1875 768 1917; x_wconf 91' lang='lat' dir='ltr'>cum</span> <span class='ocrx_word' id='word_1_123' title='bbox 791 1857 916 1936; x_wconf 91' lang='lat' dir='ltr'>surripis</span> <span class='ocrx_word' id='word_1_124' title='bbox 939 1875 1045 1929; x_wconf 90' lang='lat' dir='ltr'>unum,</span> 
     </span>
     <span class='ocr_line' id='line_1_20' title="bbox 210 1941 1151 2020; baseline 0 -18"><span class='ocrx_word' id='word_1_125' title='bbox 210 1942 357 2003; x_wconf 89' lang='lat' dir='ltr'>Damnum</span> <span class='ocrx_word' id='word_1_126' title='bbox 380 1952 434 2015; x_wconf 88' lang='lat' dir='ltr'>est,</span> <span class='ocrx_word' id='word_1_127' title='bbox 457 1962 519 2003; x_wconf 89' lang='lat' dir='ltr'>non</span> <span class='ocrx_word' id='word_1_128' title='bbox 543 1943 667 2016; x_wconf 87' lang='lat' dir='ltr'>lacinus,</span> <span class='ocrx_word' id='word_1_129' title='bbox 689 1941 761 2001; x_wconf 92' lang='lat' dir='ltr'>mihi</span> <span class='ocrx_word' id='word_1_130' title='bbox 784 1950 870 2020; x_wconf 91' lang='lat' dir='ltr'>pacto</span> <span class='ocrx_word' id='word_1_131' title='bbox 892 1941 991 2002; x_wconf 90' lang='lat' dir='ltr'>lenius</span> <span class='ocrx_word' id='word_1_132' title='bbox 1012 1941 1084 2002; x_wconf 90' lang='lat' dir='ltr'>isto.</span> <span class='ocrx_word' id='word_1_133' title='bbox 1109 1977 1151 1986; x_wconf 95' lang='lat'>—</span> 
     </span>
     <span class='ocr_line' id='line_1_21' title="bbox 212 2026 1152 2105; baseline 0.006 -23"><span class='ocrx_word' id='word_1_134' title='bbox 212 2027 261 2086; x_wconf 93' lang='lat' dir='ltr'>Vir</span> <span class='ocrx_word' id='word_1_135' title='bbox 284 2027 391 2099; x_wconf 90' lang='lat' dir='ltr'>bonus,</span> <span class='ocrx_word' id='word_1_136' title='bbox 415 2046 503 2088; x_wconf 91' lang='lat' dir='ltr'>omne</span> <span class='ocrx_word' id='word_1_137' title='bbox 527 2028 624 2087; x_wconf 87' lang='lat' dir='ltr'>lorum</span> <span class='ocrx_word' id='word_1_138' title='bbox 647 2045 734 2105; x_wconf 92' lang='lat' dir='ltr'>quem</span> <span class='ocrx_word' id='word_1_139' title='bbox 758 2035 873 2105; x_wconf 90' lang='lat' dir='ltr'>spectat</span> <span class='ocrx_word' id='word_1_140' title='bbox 894 2036 925 2088; x_wconf 92' lang='lat' dir='ltr'>et</span> <span class='ocrx_word' id='word_1_141' title='bbox 947 2045 1037 2087; x_wconf 91' lang='lat' dir='ltr'>omne</span> <span class='ocrx_word' id='word_1_142' title='bbox 1062 2026 1152 2089; x_wconf 58' lang='lat' dir='ltr'>tribu}</span> 
     </span>
     <span class='ocr_line' id='line_1_22' title="bbox 207 2074 1034 2212; baseline 0.001 -41.004"><span class='ocrx_word' id='word_1_143' title='bbox 207 2074 465 2212; x_wconf 79' lang='lat' dir='ltr'>Quandocumque</span> <span class='ocrx_word' id='word_1_144' title='bbox 488 2113 558 2172; x_wconf 87' lang='lat' dir='ltr'>deos</span> <span class='ocrx_word' id='word_1_145' title='bbox 580 2112 625 2172; x_wconf 84' lang='lat' dir='ltr'>vel</span> <span class='ocrx_word' id='word_1_146' title='bbox 648 2130 740 2192; x_wconf 92' lang='lat' dir='ltr'>porco</span> <span class='ocrx_word' id='word_1_147' title='bbox 763 2111 808 2171; x_wconf 84' lang='lat' dir='ltr'>vel</span> <span class='ocrx_word' id='word_1_148' title='bbox 830 2111 904 2172; x_wconf 90' lang='lat' dir='ltr'>bove</span> <span class='ocrx_word' id='word_1_149' title='bbox 926 2112 1034 2191; x_wconf 90' lang='lat' dir='ltr'>placat,</span> 
     </span>
     <span class='ocr_line' id='line_1_23' title="bbox 207 2187 963 2276; baseline 0.003 -22.039"><span class='ocrx_word' id='word_1_150' title='bbox 207 2187 291 2256; x_wconf 85' lang='lat' dir='ltr'>‘lane</span> <span class='ocrx_word' id='word_1_151' title='bbox 314 2191 406 2276; x_wconf 90' lang='lat' dir='ltr'>pater&#39;</span> <span class='ocrx_word' id='word_1_152' title='bbox 431 2197 518 2269; x_wconf 91' lang='lat' dir='ltr'>clare,</span> <span class='ocrx_word' id='word_1_153' title='bbox 542 2197 619 2257; x_wconf 91' lang='lat' dir='ltr'>clare</span> <span class='ocrx_word' id='word_1_154' title='bbox 642 2215 711 2257; x_wconf 90' lang='lat' dir='ltr'>cum</span> <span class='ocrx_word' id='word_1_155' title='bbox 733 2197 805 2257; x_wconf 82' lang='lat' dir='ltr'>dixit</span> <span class='ocrx_word' id='word_1_156' title='bbox 824 2192 963 2276; x_wconf 80' lang='lat' dir='ltr'>‘&#39;,dpollo</span> 
     </span>
     <span class='ocr_line' id='line_1_24' title="bbox 123 2275 1024 2354; baseline 0.003 -15"><span class='ocrx_word' id='word_1_157' title='bbox 123 2290 152 2339; x_wconf 83' lang='lat' dir='ltr'>tt</span> <span class='ocrx_word' id='word_1_158' title='bbox 210 2279 307 2341; x_wconf 87' lang='lat' dir='ltr'>Labra</span> <span class='ocrx_word' id='word_1_159' title='bbox 329 2289 426 2341; x_wconf 91' lang='lat' dir='ltr'>movet</span> <span class='ocrx_word' id='word_1_160' title='bbox 448 2290 584 2342; x_wconf 90' lang='lat' dir='ltr'>metuens</span> <span class='ocrx_word' id='word_1_161' title='bbox 606 2281 702 2342; x_wconf 90' lang='lat' dir='ltr'>audiri</span> <span class='ocrx_word' id='word_1_162' title='bbox 720 2275 859 2342; x_wconf 90' lang='lat' dir='ltr'>‘Pulchra</span> <span class='ocrx_word' id='word_1_163' title='bbox 882 2281 1024 2354; x_wconf 81' lang='lat' dir='ltr'>laverna,</span> 
     </span>
     <span class='ocr_line' id='line_1_25' title="bbox 209 2365 945 2445; baseline 0.001 -20"><span class='ocrx_word' id='word_1_164' title='bbox 209 2365 252 2425; x_wconf 80' lang='lat' dir='ltr'>lla</span> <span class='ocrx_word' id='word_1_165' title='bbox 274 2365 347 2426; x_wconf 91' lang='lat' dir='ltr'>mihi</span> <span class='ocrx_word' id='word_1_166' title='bbox 369 2365 478 2439; x_wconf 79' lang='lat' dir='ltr'>tallere,</span> <span class='ocrx_word' id='word_1_167' title='bbox 501 2366 537 2426; x_wconf 91' lang='lat' dir='ltr'>da</span> <span class='ocrx_word' id='word_1_168' title='bbox 560 2367 637 2427; x_wconf 90' lang='lat' dir='ltr'>iusto</span> <span class='ocrx_word' id='word_1_169' title='bbox 660 2376 822 2445; x_wconf 87' lang='lat' dir='ltr'>sanctoque</span> <span class='ocrx_word' id='word_1_170' title='bbox 843 2367 945 2438; x_wconf 86' lang='lat' dir='ltr'>videri,</span> 
     </span>
     <span class='ocr_line' id='line_1_26' title="bbox 208 2444 1040 2530; baseline 0 -19"><span class='ocrx_word' id='word_1_171' title='bbox 208 2449 333 2511; x_wconf 86' lang='lat' dir='ltr'>Noctem</span> <span class='ocrx_word' id='word_1_172' title='bbox 356 2451 485 2530; x_wconf 90' lang='lat' dir='ltr'>peccatis</span> <span class='ocrx_word' id='word_1_173' title='bbox 507 2461 536 2512; x_wconf 96' lang='lat' dir='ltr'>et</span> <span class='ocrx_word' id='word_1_174' title='bbox 558 2451 711 2513; x_wconf 85' lang='lat' dir='ltr'>fraudibus</span> <span class='ocrx_word' id='word_1_175' title='bbox 734 2451 819 2512; x_wconf 92' lang='lat' dir='ltr'>obice</span> <span class='ocrx_word' id='word_1_176' title='bbox 842 2444 971 2514; x_wconf 73' lang='lat' dir='ltr'>nubem.³</span> <span class='ocrx_word' id='word_1_177' title='bbox 998 2485 1040 2496; x_wconf 90' lang='lat'><strong>—</strong></span> 
     </span>
     <span class='ocr_line' id='line_1_27' title="bbox 210 2535 922 2616; baseline 0 -19"><span class='ocrx_word' id='word_1_178' title='bbox 210 2535 268 2607; x_wconf 85' lang='lat' dir='ltr'>Qui</span> <span class='ocrx_word' id='word_1_179' title='bbox 291 2536 395 2597; x_wconf 87' lang='lat' dir='ltr'>melior</span> <span class='ocrx_word' id='word_1_180' title='bbox 417 2555 510 2611; x_wconf 91' lang='lat' dir='ltr'>servo,</span> <span class='ocrx_word' id='word_1_181' title='bbox 535 2537 585 2616; x_wconf 89' lang='lat' dir='ltr'>qui</span> <span class='ocrx_word' id='word_1_182' title='bbox 607 2536 729 2598; x_wconf 83' lang='lat' dir='ltr'>liberior</span> <span class='ocrx_word' id='word_1_183' title='bbox 751 2538 789 2598; x_wconf 94' lang='lat' dir='ltr'>sit</span> <span class='ocrx_word' id='word_1_184' title='bbox 810 2555 922 2608; x_wconf 89' lang='lat' dir='ltr'>avarus,</span> 
     </span>
     <span class='ocr_line' id='line_1_28' title="bbox 210 2621 952 2692; baseline 0.001 -12"><span class='ocrx_word' id='word_1_185' title='bbox 210 2621 243 2682; x_wconf 94' lang='lat' dir='ltr'>ln</span> <span class='ocrx_word' id='word_1_186' title='bbox 267 2621 358 2683; x_wconf 86' lang='lat' dir='ltr'>triviis</span> <span class='ocrx_word' id='word_1_187' title='bbox 380 2623 469 2682; x_wconf 84' lang='lat' dir='ltr'>fixum</span> <span class='ocrx_word' id='word_1_188' title='bbox 493 2640 561 2682; x_wconf 93' lang='lat' dir='ltr'>cum</span> <span class='ocrx_word' id='word_1_189' title='bbox 583 2642 614 2683; x_wconf 89' lang='lat' dir='ltr'>se</span> <span class='ocrx_word' id='word_1_190' title='bbox 637 2623 763 2683; x_wconf 90' lang='lat' dir='ltr'>demittit</span> <span class='ocrx_word' id='word_1_191' title='bbox 785 2622 822 2682; x_wconf 93' lang='lat' dir='ltr'>ob</span> <span class='ocrx_word' id='word_1_192' title='bbox 846 2640 952 2692; x_wconf 91' lang='lat' dir='ltr'>assem,</span> 
     </span>
     <span class='ocr_line' id='line_1_29' title="bbox 210 2707 1129 2787; baseline -0.001 -21"><span class='ocrx_word' id='word_1_193' title='bbox 210 2707 277 2768; x_wconf 91' lang='lat' dir='ltr'>Non</span> <span class='ocrx_word' id='word_1_194' title='bbox 301 2708 395 2768; x_wconf 83' lang='lat' dir='ltr'>video.</span> <span class='ocrx_word' id='word_1_195' title='bbox 439 2707 512 2768; x_wconf 89' lang='lat' dir='ltr'>Nam</span> <span class='ocrx_word' id='word_1_196' title='bbox 536 2708 585 2786; x_wconf 90' lang='lat' dir='ltr'>qui</span> <span class='ocrx_word' id='word_1_197' title='bbox 609 2709 718 2787; x_wconf 89' lang='lat' dir='ltr'>cupiet,</span> <span class='ocrx_word' id='word_1_198' title='bbox 741 2716 853 2768; x_wconf 91' lang='lat' dir='ltr'>metuet</span> <span class='ocrx_word' id='word_1_199' title='bbox 875 2723 1011 2786; x_wconf 91' lang='lat' dir='ltr'>quoque;</span> <span class='ocrx_word' id='word_1_200' title='bbox 1035 2725 1129 2786; x_wconf 91' lang='lat' dir='ltr'>porro</span> 
     </span>
     <span class='ocr_line' id='line_1_30' title="bbox 210 2791 1065 2869; baseline -0.002 -16"><span class='ocrx_word' id='word_1_201' title='bbox 210 2791 268 2863; x_wconf 83' lang='lat' dir='ltr'>Qui</span> <span class='ocrx_word' id='word_1_202' title='bbox 291 2801 427 2853; x_wconf 92' lang='lat' dir='ltr'>metuens</span> <span class='ocrx_word' id='word_1_203' title='bbox 450 2793 533 2866; x_wconf 87' lang='lat' dir='ltr'>vivet,</span> <span class='ocrx_word' id='word_1_204' title='bbox 556 2792 632 2853; x_wconf 91' lang='lat' dir='ltr'>liber</span> <span class='ocrx_word' id='word_1_205' title='bbox 653 2792 725 2852; x_wconf 84' lang='lat' dir='ltr'>milri</span> <span class='ocrx_word' id='word_1_206' title='bbox 749 2812 810 2852; x_wconf 91' lang='lat' dir='ltr'>non</span> <span class='ocrx_word' id='word_1_207' title='bbox 834 2791 891 2852; x_wconf 89' lang='lat' dir='ltr'>erit</span> <span class='ocrx_word' id='word_1_208' title='bbox 912 2809 1065 2869; x_wconf 92' lang='lat' dir='ltr'>umquam.</span> 
     </span>
     <span class='ocr_line' id='line_1_31' title="bbox 210 2877 946 2955; baseline -0.001 -18"><span class='ocrx_word' id='word_1_209' title='bbox 210 2877 341 2937; x_wconf 89' lang='lat' dir='ltr'>Perdidit</span> <span class='ocrx_word' id='word_1_210' title='bbox 363 2896 452 2952; x_wconf 86' lang='lat' dir='ltr'>arma,</span> <span class='ocrx_word' id='word_1_211' title='bbox 474 2878 573 2938; x_wconf 95' lang='lat' dir='ltr'>locum</span> <span class='ocrx_word' id='word_1_212' title='bbox 596 2878 712 2938; x_wconf 88' lang='lat' dir='ltr'>virtutis</span> <span class='ocrx_word' id='word_1_213' title='bbox 734 2878 872 2950; x_wconf 88' lang='lat' dir='ltr'>deseruit,</span> <span class='ocrx_word' id='word_1_214' title='bbox 896 2877 946 2955; x_wconf 93' lang='lat' dir='ltr'>qui</span> 
     </span>
     <span class='ocr_line' id='line_1_32' title="bbox 211 2961 961 3043; baseline -0.001 -21"><span class='ocrx_word' id='word_1_215' title='bbox 211 2962 336 3042; x_wconf 87' lang='lat' dir='ltr'>Semper</span> <span class='ocrx_word' id='word_1_216' title='bbox 358 2963 388 3023; x_wconf 94' lang='lat' dir='ltr'>in</span> <span class='ocrx_word' id='word_1_217' title='bbox 411 2962 546 3043; x_wconf 89' lang='lat' dir='ltr'>augenda</span> <span class='ocrx_word' id='word_1_218' title='bbox 569 2963 687 3024; x_wconf 82' lang='lat' dir='ltr'>festinat</span> <span class='ocrx_word' id='word_1_219' title='bbox 709 2971 738 3023; x_wconf 91' lang='lat' dir='ltr'>et</span> <span class='ocrx_word' id='word_1_220' title='bbox 761 2961 897 3023; x_wconf 90' lang='lat' dir='ltr'>obruitur</span> <span class='ocrx_word' id='word_1_221' title='bbox 919 2980 961 3022; x_wconf 90' lang='lat' dir='ltr'>re.</span> 
     </span>
     <span class='ocr_line' id='line_1_33' title="bbox 212 3045 989 3128; baseline 0 -22"><span class='ocrx_word' id='word_1_222' title='bbox 212 3046 347 3108; x_wconf 92' lang='lat' dir='ltr'>Vendere</span> <span class='ocrx_word' id='word_1_223' title='bbox 370 3066 437 3108; x_wconf 90' lang='lat' dir='ltr'>cum</span> <span class='ocrx_word' id='word_1_224' title='bbox 460 3048 555 3128; x_wconf 89' lang='lat' dir='ltr'>possis</span> <span class='ocrx_word' id='word_1_225' title='bbox 577 3049 733 3127; x_wconf 86' lang='lat' dir='ltr'>captivum,</span> <span class='ocrx_word' id='word_1_226' title='bbox 756 3047 890 3108; x_wconf 92' lang='lat' dir='ltr'>occidere</span> <span class='ocrx_word' id='word_1_227' title='bbox 914 3045 989 3107; x_wconf 84' lang='lat' dir='ltr'>noli:</span> 
     </span>
     <span class='ocr_line' id='line_1_34' title="bbox 212 3132 957 3212; baseline -0.001 -19"><span class='ocrx_word' id='word_1_228' title='bbox 212 3132 325 3193; x_wconf 82' lang='lat' dir='ltr'>Serriet</span> <span class='ocrx_word' id='word_1_229' title='bbox 347 3133 474 3206; x_wconf 91' lang='lat' dir='ltr'>utiliter;</span> <span class='ocrx_word' id='word_1_230' title='bbox 498 3133 562 3194; x_wconf 93' lang='lat' dir='ltr'>sine</span> <span class='ocrx_word' id='word_1_231' title='bbox 586 3143 687 3212; x_wconf 94' lang='lat' dir='ltr'>pascat</span> <span class='ocrx_word' id='word_1_232' title='bbox 709 3134 802 3193; x_wconf 92' lang='lat' dir='ltr'>durus</span> <span class='ocrx_word' id='word_1_233' title='bbox 824 3140 957 3210; x_wconf 90' lang='lat' dir='ltr'>aretque,</span> 
     </span>
     <span class='ocr_line' id='line_1_35' title="bbox 133 3217 987 3297; baseline 0 -19"><span class='ocrx_word' id='word_1_234' title='bbox 133 3293 136 3297; x_wconf 10' lang='grc' dir='ltr'>ἱ</span> <span class='ocrx_word' id='word_1_235' title='bbox 210 3217 332 3297; x_wconf 83' lang='lat' dir='ltr'>Naviget</span> <span class='ocrx_word' id='word_1_236' title='bbox 354 3236 387 3278; x_wconf 92' lang='lat' dir='ltr'>ac</span> <span class='ocrx_word' id='word_1_237' title='bbox 410 3219 513 3279; x_wconf 89' lang='lat' dir='ltr'>mediis</span> <span class='ocrx_word' id='word_1_238' title='bbox 535 3218 645 3279; x_wconf 87' lang='lat' dir='ltr'>hiemet</span> <span class='ocrx_word' id='word_1_239' title='bbox 666 3226 814 3278; x_wconf 91' lang='lat' dir='ltr'>mercator</span> <span class='ocrx_word' id='word_1_240' title='bbox 835 3218 866 3277; x_wconf 91' lang='lat' dir='ltr'>in</span> <span class='ocrx_word' id='word_1_241' title='bbox 890 3217 987 3289; x_wconf 88' lang='lat' dir='ltr'>undis,</span> 
     </span>
     <span class='ocr_line' id='line_1_36' title="bbox 211 3304 1030 3404; baseline 0 -42"><span class='ocrx_word' id='word_1_242' title='bbox 211 3306 357 3364; x_wconf 82' lang='lat' dir='ltr'>Annonae</span> <span class='ocrx_word' id='word_1_243' title='bbox 379 3304 483 3382; x_wconf 91' lang='lat' dir='ltr'>prosit,</span> <span class='ocrx_word' id='word_1_244' title='bbox 507 3313 606 3400; x_wconf 88' lang='lat' dir='ltr'>portet</span> <span class='ocrx_word' id='word_1_245' title='bbox 627 3305 775 3364; x_wconf 77' lang='lat' dir='ltr'>frumenta</span> <span class='ocrx_word' id='word_1_246' title='bbox 799 3320 964 3404; x_wconf 91' lang='lat' dir='ltr'>penusque.</span> <span class='ocrx_word' id='word_1_247' title='bbox 988 3334 1030 3345; x_wconf 93' lang='lat'>—</span> 
     </span>
     <span class='ocr_line' id='line_1_37' title="bbox 210 3380 1030 3469; baseline 0 -23"><span class='ocrx_word' id='word_1_248' title='bbox 210 3386 262 3447; x_wconf 91' lang='lat' dir='ltr'>Vir</span> <span class='ocrx_word' id='word_1_249' title='bbox 283 3387 433 3448; x_wconf 93' lang='lat' dir='ltr'>bonust</span> <span class='ocrx_word' id='word_1_250' title='bbox 404 3397 433 3448; x_wconf 95' lang='lat' dir='ltr'>et</span> <span class='ocrx_word' id='word_1_251' title='bbox 455 3389 574 3469; x_wconf 88' lang='lat' dir='ltr'>sapiens</span> <span class='ocrx_word' id='word_1_252' title='bbox 596 3389 716 3450; x_wconf 91' lang='lat' dir='ltr'>audebit</span> <span class='ocrx_word' id='word_1_253' title='bbox 737 3387 850 3448; x_wconf 90' lang='lat' dir='ltr'>dicere:</span> <span class='ocrx_word' id='word_1_254' title='bbox 871 3380 1030 3457; x_wconf 79' lang='lat' dir='ltr'>‘Pentheu</span> 
     </span>
     <span class='ocr_line' id='line_1_38' title="bbox 106 3472 983 3578; baseline 0 -46"><span class='ocrx_word' id='word_1_255' title='bbox 106 3479 109 3484; x_wconf 87' lang='grc'><em>’</em></span> <span class='ocrx_word' id='word_1_256' title='bbox 211 3472 321 3533; x_wconf 85' lang='lat' dir='ltr'>Rector</span> <span class='ocrx_word' id='word_1_257' title='bbox 343 3472 521 3547; x_wconf 85' lang='lat' dir='ltr'>Thebarum,</span> <span class='ocrx_word' id='word_1_258' title='bbox 533 3474 613 3575; x_wconf 90' lang='lat' dir='ltr'>quid</span> <span class='ocrx_word' id='word_1_259' title='bbox 638 3492 684 3534; x_wconf 93' lang='lat' dir='ltr'>me</span> <span class='ocrx_word' id='word_1_260' title='bbox 707 3474 841 3578; x_wconf 80' lang='lat' dir='ltr'>perferre</span> <span class='ocrx_word' id='word_1_261' title='bbox 863 3472 983 3553; x_wconf 91' lang='lat' dir='ltr'>patique</span> 
     </span>
     <span class='ocr_line' id='line_1_39' title="bbox 124 3550 1147 3637; baseline -0.003 -19"><span class='ocrx_word' id='word_1_262' title='bbox 124 3567 153 3618; x_wconf 77' lang='lat' dir='ltr'>tt</span> <span class='ocrx_word' id='word_1_263' title='bbox 211 3557 371 3636; x_wconf 86' lang='lat' dir='ltr'>lndrgnum</span> <span class='ocrx_word' id='word_1_264' title='bbox 386 3554 512 3637; x_wconf 79' lang='lat' dir='ltr'>coges?</span> <span class='ocrx_word' id='word_1_265' title='bbox 533 3550 679 3620; x_wconf 77' lang='lat' dir='ltr'>Adimam</span> <span class='ocrx_word' id='word_1_266' title='bbox 695 3553 792 3619; x_wconf 90' lang='lat' dir='ltr'>bona</span> <span class='ocrx_word' id='word_1_267' title='bbox 813 3552 939 3637; x_wconf 91' lang='lat' dir='ltr'>Nempe</span> <span class='ocrx_word' id='word_1_268' title='bbox 955 3575 1056 3637; x_wconf 89' lang='lat' dir='ltr'>pecus</span> <span class='ocrx_word' id='word_1_269' title='bbox 1072 3574 1147 3630; x_wconf 91' lang='lat' dir='ltr'>rem,</span> 
     </span>
     <span class='ocr_line' id='line_1_40' title="bbox 212 3634 1030 3722; baseline -0.002 -20"><span class='ocrx_word' id='word_1_270' title='bbox 212 3642 328 3716; x_wconf 88' lang='lat' dir='ltr'>Lectos,</span> <span class='ocrx_word' id='word_1_271' title='bbox 351 3652 525 3722; x_wconf 85' lang='lat' dir='ltr'>argentum3</span> <span class='ocrx_word' id='word_1_272' title='bbox 549 3643 632 3705; x_wconf 92' lang='lat' dir='ltr'>tollas</span> <span class='ocrx_word' id='word_1_273' title='bbox 655 3634 743 3704; x_wconf 86' lang='lat' dir='ltr'>licet&#39;.</span> <span class='ocrx_word' id='word_1_274' title='bbox 785 3639 832 3704; x_wconf 90' lang='lat' dir='ltr'>‘ln</span> <span class='ocrx_word' id='word_1_275' title='bbox 856 3642 978 3703; x_wconf 88' lang='lat' dir='ltr'>manicis</span> <span class='ocrx_word' id='word_1_276' title='bbox 1001 3652 1030 3700; x_wconf 93' lang='lat' dir='ltr'>et</span> 
     </span>
    </p>
   </div>
   <div class='ocr_carea' id='block_1_3' title="bbox 124 3778 329 3790">
    <p class='ocr_par' dir='ltr' id='par_1_3' title="bbox 124 3778 329 3790">
     <span class='ocr_line' id='line_1_41' title="bbox 124 3778 329 3790; baseline 0.01 -2"><span class='ocrx_word' id='word_1_277' title='bbox 124 3778 329 3790; x_wconf 71' lang='lat'>———-</span> 
     </span>
    </p>
   </div>
   <div class='ocr_carea' id='block_1_4' title="bbox 213 3857 1152 3928">
    <p class='ocr_par' dir='ltr' id='par_1_4' title="bbox 213 3857 1152 3928">
     <span class='ocr_line' id='line_1_42' title="bbox 213 3857 1152 3928; baseline 0.001 -18"><span class='ocrx_word' id='word_1_278' title='bbox 213 3859 269 3912; x_wconf 89' lang='lat' dir='ltr'>llVl</span> <span class='ocrx_word' id='word_1_279' title='bbox 293 3878 317 3912; x_wconf 90' lang='grc' dir='ltr'>ιι.</span> <span class='ocrx_word' id='word_1_280' title='bbox 341 3862 374 3913; x_wconf 84' lang='grc'>43</span> <span class='ocrx_word' id='word_1_281' title='bbox 397 3875 437 3911; x_wconf 89' lang='lat' dir='ltr'>res</span> <span class='ocrx_word' id='word_1_282' title='bbox 462 3862 594 3928; x_wconf 85' lang='lat' dir='ltr'>sponsore]</span> <span class='ocrx_word' id='word_1_283' title='bbox 618 3861 668 3911; x_wconf 71' lang='lat'>13⁰:</span> <span class='ocrx_word' id='word_1_284' title='bbox 691 3875 843 3926; x_wconf 85' lang='lat' dir='ltr'>responsore</span> <span class='ocrx_word' id='word_1_285' title='bbox 870 3857 875 3928; x_wconf 89' lang='grc' dir='ltr'>Ι</span> <span class='ocrx_word' id='word_1_286' title='bbox 902 3861 933 3912; x_wconf 87' lang='grc'>61</span> <span class='ocrx_word' id='word_1_287' title='bbox 958 3859 1026 3912; x_wconf 88' lang='lat' dir='ltr'>iusto</span> <span class='ocrx_word' id='word_1_288' title='bbox 1050 3865 1152 3926; x_wconf 75' lang='lat' dir='ltr'>sancto(</span> 
     </span>
    </p>
   </div>
   <div class='ocr_carea' id='block_1_5' title="bbox 12 3904 523 4159">
    <p class='ocr_par' dir='ltr' id='par_1_5' title="bbox 12 3904 523 4159">
     <span class='ocr_line' id='line_1_43' title="bbox 12 3904 523 4159; baseline 0.01 -184"><span class='ocrx_word' id='word_1_289' title='bbox 12 3904 163 4159; x_wconf 52' lang='grc' dir='ltr'>Ὗ</span> <span class='ocrx_word' id='word_1_290' title='bbox 176 3927 225 3978; x_wconf 76' lang='lat'>13⁰</span> <span class='ocrx_word' id='word_1_291' title='bbox 244 3928 338 3982; x_wconf 88' lang='lat' dir='ltr'>iustum</span> <span class='ocrx_word' id='word_1_292' title='bbox 357 3933 523 3994; x_wconf 89' lang='lat' dir='ltr'>sanctumque</span> 
     </span>
    </p>
   </div>
   <div class='ocr_carea' id='block_1_6' title="bbox 0 0 1242 4440">
    <p class='ocr_par' dir='ltr' id='par_1_6' title="bbox 0 0 1242 4440">
     <span class='ocr_line' id='line_1_44' title="bbox 0 0 1242 4440; baseline 0 0"><span class='ocrx_word' id='word_1_293' title='bbox 0 0 1242 4440; x_wconf 95' lang='lat' dir='ltr'> </span> 
     </span>
    </p>
   </div>
  </div>
 </body>
</html>
