2474 4440
176 223 240 283 224
556 225 787 279 EPISTULARUM
805 228 825 280 ll
843 230 867 281 2.

262 398 403 479 Emptum
426 407 512 460 cenat
534 399 628 473 holus,
653 400 784 477 quamvis
806 399 890 461 aliter
912 409 1005 479 putat,
1029 404 1138 483 emptis

264 483 326 545 Sub
351 494 467 545 noetem
490 485 614 564 gelidam
637 484 725 563 lignis
748 484 900 546 calefactat
922 503 1047 562 aenum3

180 579 222 630 tto
265 569 323 630 Sed
344 579 428 630 vocat
451 587 545 648 usque
569 586 665 641 suum,
689 588 746 648 qua
770 570 898 650 populus
921 571 1012 631 adsita
1035 575 1125 636 nortis
1155 605 1157 613 ι

265 653 421 715 Limitibus
443 656 538 716 vicina
561 655 670 734 refugit
692 653 795 733 iurgia,
818 664 967 734 tamquam

264 738 309 799 Sit
330 740 484 818 proprium
507 740 676 818 quiequam,
699 749 811 820 puncto
835 739 913 819 quod
937 741 1054 803 mobilis
1077 744 1168 805 borae

264 823 350 885 Nune
372 843 473 905 prece,
497 843 578 886 nuno
601 824 707 905 pretio,
731 843 811 885 nuno
832 825 869 900 vi,
893 844 975 887 nuno
997 836 1094 888 morte
1115 847 1229 908 suprem

266 908 417 971 Permutat
438 910 574 971 dominos
596 919 626 971 et
647 911 731 971 aedat
751 910 782 970 in
806 910 896 971 altera
920 911 991 976 iura.

266 994 313 1055 Sio
337 996 405 1074 quia
428 1003 589 1074 perpetuus
613 994 685 1055 nulli
708 996 794 1055 datur
816 1014 886 1056 usus
909 1003 938 1055 et
959 997 1047 1058 heres

264 1079 409 1141 Heredem
432 1074 554 1140 alteruis
576 1080 655 1140 velut
676 1081 755 1141 unda
778 1081 948 1159 supervenit
971 1082 1093 1156 undam,

267 1164 343 1235 Quid
367 1165 423 1227 vici
445 1174 573 1244 prosunt
594 1173 644 1225 aut
667 1163 794 1225 borrea‘l
818 1165 923 1243 quidve
946 1165 1078 1229 Calabris

264 1249 392 1312 Saltibus
415 1250 519 1312 adiecti
542 1249 663 1325 Lucani,
686 1251 710 1311 si
733 1250 813 1310 metit
837 1251 933 1312 Orcus

264 1333 393 1397 Grandia
416 1354 483 1397 cum
508 1336 613 1414 parvis,
638 1354 697 1395 non
722 1334 879 1397 exorabilis
902 1333 998 1397 auro?

264 1418 410 1495 Gemmas,
434 1439 572 1492 marmor,
595 1420 678 1493 ebur,
703 1421 855 1500 Tyrrhena
877 1421 978 1500 sigilla,
1002 1422 1133 1496 tabellas,

262 1507 435 1584 Argentum,
457 1505 545 1567 vestis
567 1505 689 1566 Gaetulo
714 1506 826 1567 murice
847 1506 955 1567 tinctas

265 1590 341 1652 Sunt
363 1592 413 1670 qui
438 1610 499 1652 non
522 1589 659 1663 habeant,
682 1591 798 1669 estqui
822 1611 882 1651 non
907 1601 991 1651 curat
1014 1590 1130 1652 babere.

264 1675 324 1737 Cur
346 1677 419 1738 alter
442 1678 566 1737 fratrum
589 1694 704 1737 cessare
727 1685 756 1737 et
777 1675 879 1736 ludere
902 1685 931 1736 et
953 1677 1024 1754 ungi

262 1760 413 1823 Praeferat
435 1762 560 1823 Herodis
582 1762 717 1840 palmetis
739 1759 909 1840 pinguibus,
932 1761 1005 1821 alter

262 1846 347 1909 Dives
370 1857 398 1908 et
420 1848 609 1926 importunus
630 1849 665 1908 ad
689 1847 822 1907 umbram
845 1846 920 1906 lucis
942 1844 978 1905 ab
1003 1857 1071 1906 ortu

264 1932 433 1994 Silvestrem
456 1932 580 1992 flammis
603 1941 633 1993 et
654 1933 734 1992 ferro
757 1930 871 2008 mitiget
894 1949 1007 2009 agrum,

264 2017 325 2079 Scit
348 2017 470 2089 Genius,
494 2017 590 2077 natale
613 2035 712 2078 eomes
736 2016 785 2094 qui
807 2025 953 2094 temperat
975 2024 1099 2089 astrum,

265 2103 391 2163 Naturae
413 2101 486 2162 deus
509 2101 665 2175 humanae,
689 2101 819 2161 mortalis
841 2101 870 2160 in
897 2119 988 2160 unum

265 2187 410 2264 Quodque
433 2195 531 2266 caput,
553 2187 632 2246 voltu
656 2184 813 2260 mutabilis,
835 2185 919 2245 albus
941 2195 971 2245 et
994 2196 1066 2245 ater.

265 2271 336 2331 Utar
359 2281 388 2332 et
410 2291 445 2331 ex
468 2271 583 2331 modico
606 2280 750 2350 quantum
773 2289 822 2331 res
844 2279 947 2349 posnet
969 2288 1074 2331 acervo

265 2356 376 2417 Tollam
401 2374 457 2417 neo
480 2367 617 2430 metuam,
641 2357 710 2436 quid
733 2357 769 2417 de
792 2373 840 2415 me
862 2355 972 2416 iudicet
995 2356 1094 2427 beros,
1160 2354 1163 2359 ’

265 2442 352 2513 Quod
376 2461 437 2502 non
461 2442 546 2520 plura
568 2443 643 2504 datis
665 2441 820 2515 invenerit,
844 2450 874 2501 et
895 2448 993 2501 tamen
1016 2441 1094 2502 idem

266 2528 348 2588 Scire
370 2527 475 2601 volam,
499 2537 641 2606 quantum
664 2528 788 2606 simplex
810 2526 969 2605 hilarisque
992 2528 1096 2605 nepoti

264 2612 418 2691 Discrepet
440 2621 470 2673 et
493 2623 638 2692 quantum
660 2612 808 2674 discordet
829 2629 936 2690 parous
958 2629 1054 2673 avaro.

265 2699 358 2759 Distat
374 2698 468 2772 enim,
492 2717 611 2778 spargas
626 2707 675 2760 tua
690 2697 832 2778 prodigus
847 2714 884 2757 an
901 2715 999 2776 neque
1014 2707 1170 2779 sumptum

264 2784 376 2845 lnvitus
398 2784 487 2845 fanias
510 2802 607 2862 neque
629 2784 713 2863 plura
736 2799 840 2862 parare
862 2782 988 2853 labores,

265 2871 306 2929 Ao
328 2869 437 2948 potius,
460 2887 536 2948 puer
558 2877 591 2929 ut
612 2868 694 2930 festis
716 2867 953 2946 Quinquatribus
976 2867 1055 2939 olim,

265 2952 378 3033 Exiguo
403 2963 546 3032 gratoque
568 2953 674 3014 fruaris
696 2962 832 3033 tempore
853 2953 969 3032 raptim:

265 3039 425 3118 Pauperies
449 3038 592 3098 inmunda
615 3039 720 3100 domus
741 3038 846 3118 prooul
869 3039 958 3114 absit3
982 3056 1037 3116 ego
1061 3049 1164 3100 utrum

178 3133 224 3184 200
266 3124 344 3184 Nave
367 3125 445 3184 ferar
468 3142 574 3203 magna
597 3142 633 3183 an
657 3141 754 3203 parva,
778 3125 857 3184 ferar
879 3142 957 3185 unus
981 3134 1010 3183 et
1032 3123 1121 3185 idem.

264 3209 329 3269 Non
355 3209 469 3287 agimur
491 3209 611 3270 tumidis
634 3209 703 3270 velis
727 3209 872 3288 Aquilone
895 3207 1036 3277 seeundo,

264 3294 328 3354 Non
353 3302 450 3355 tamen
475 3294 604 3355 adversis
627 3303 751 3356 aetatem
774 3293 908 3355 ducimus
930 3292 1057 3367 Austris,

264 3379 393 3453 Viribus,
417 3379 548 3458 ingenio,
572 3380 680 3458 specie,
703 3380 819 3451 virtute,
842 3379 918 3452 loeo,
941 3396 974 3439 re

178 3551 381 3560 ...—

264 3650 284 3731 ll
301 3667 328 3730 υ..
346 3653 391 3703 l'll
413 3646 497 3713 refigit
515 3650 550 3712 (o)
571 3647 576 3716 l
599 3651 646 3701 175
665 3647 711 3712 sic]
730 3648 779 3712 (vlt
798 3647 820 3699 si
838 3664 853 3698 υ
871 3647 971 3731 εεάιψ)
988 3649 992 3713 Ι
1010 3649 1057 3700 188
1069 3664 1109 3714 sq.
1131 3650 1229 3732 bumana

179 3715 585 3853 ttttlattttt'ttttllt
601 3715 1229 3864 13111111111111111111111111.

179 3854 574 3989 tlssttltlftuttttltt
589 3853 750 3984 attlltl
768 3859 911 3989 fflflm
931 3855 961 3905 ‘¹⁶
979 3859 1048 3904 ”ll
1071 3856 1164 3920 Μ
1190 3855 1229 3906 ‚u
