<?xml version="1.0" encoding="UTF-8"?>
<!DOCTYPE html PUBLIC "-//W3C//DTD XHTML 1.0 Transitional//EN"
    "http://www.w3.org/TR/xhtml1/DTD/xhtml1-transitional.dtd">
<html xmlns="http://www.w3.org/1999/xhtml" xml:lang="en" lang="en">
 <head>
  <title>
</title>
<meta http-equiv="Content-Type" content="text/html;charset=utf-8" />
  <meta name='ocr-system' content='tesseract 3.04.00' />
  <meta name='ocr-capabilities' content='ocr_page ocr_carea ocr_par ocr_line ocrx_word'/>
</head>
<body>
  <div class='ocr_page' id='page_1' title='image "./qhoratiiflaccic00hertgoog_0204.png"; bbox 0 0 2474 4440; ppageno 0'>
   <div class='ocr_carea' id='block_1_1' title="bbox 408 237 1136 296">
    <p class='ocr_par' dir='ltr' id='par_1_1' title="bbox 408 237 1136 296">
     <span class='ocr_line' id='line_1_1' title="bbox 408 237 1136 296; baseline 0.005 -4"><span class='ocrx_word' id='word_1_1' title='bbox 408 237 637 293; x_wconf 77' lang='lat' dir='ltr'>EPISTULARUM</span> <span class='ocrx_word' id='word_1_2' title='bbox 655 238 665 288; x_wconf 92' lang='grc'>1</span> <span class='ocrx_word' id='word_1_3' title='bbox 684 239 708 290; x_wconf 88' lang='grc'>3.</span> <span class='ocrx_word' id='word_1_4' title='bbox 727 241 751 290; x_wconf 78' lang='lat' dir='ltr'>t.</span> <span class='ocrx_word' id='word_1_5' title='bbox 770 241 793 289; x_wconf 80' lang='lat'>5.</span> <span class='ocrx_word' id='word_1_6' title='bbox 1076 239 1136 296; x_wconf 83' lang='lat'>189</span> 
     </span>
    </p>
   </div>
   <div class='ocr_carea' id='block_1_2' title="bbox 147 411 1138 1238">
    <p class='ocr_par' dir='ltr' id='par_1_2' title="bbox 153 411 835 490">
     <span class='ocr_line' id='line_1_2' title="bbox 153 411 835 490; baseline -0.003 -18"><span class='ocrx_word' id='word_1_7' title='bbox 153 412 213 483; x_wconf 85' lang='lat' dir='ltr'>Quo</span> <span class='ocrx_word' id='word_1_8' title='bbox 236 423 266 472; x_wconf 89' lang='lat' dir='ltr'>te</span> <span class='ocrx_word' id='word_1_9' title='bbox 289 411 424 472; x_wconf 81' lang='lat' dir='ltr'>caelestis</span> <span class='ocrx_word' id='word_1_10' title='bbox 446 411 588 490; x_wconf 83' lang='lat' dir='ltr'>sapientia</span> <span class='ocrx_word' id='word_1_11' title='bbox 612 411 743 483; x_wconf 86' lang='lat' dir='ltr'>duceret,</span> <span class='ocrx_word' id='word_1_12' title='bbox 766 411 835 471; x_wconf 91' lang='lat' dir='ltr'>ires.</span> 
     </span>
    </p>

    <p class='ocr_par' dir='ltr' id='par_1_3' title="bbox 153 496 1048 576">
     <span class='ocr_line' id='line_1_3' title="bbox 153 496 1048 576; baseline 0 -20"><span class='ocrx_word' id='word_1_13' title='bbox 153 496 211 558; x_wconf 88' lang='lat' dir='ltr'>Hoc</span> <span class='ocrx_word' id='word_1_14' title='bbox 234 514 320 576; x_wconf 85' lang='lat' dir='ltr'>opus,</span> <span class='ocrx_word' id='word_1_15' title='bbox 345 497 400 556; x_wconf 91' lang='lat' dir='ltr'>boc</span> <span class='ocrx_word' id='word_1_16' title='bbox 422 497 552 556; x_wconf 89' lang='lat' dir='ltr'>studium</span> <span class='ocrx_word' id='word_1_17' title='bbox 576 496 656 574; x_wconf 88' lang='lat' dir='ltr'>parri</span> <span class='ocrx_word' id='word_1_18' title='bbox 680 513 875 574; x_wconf 78' lang='lat' dir='ltr'><strong>properemus</strong></span> <span class='ocrx_word' id='word_1_19' title='bbox 898 506 927 556; x_wconf 88' lang='lat' dir='ltr'>ct</span> <span class='ocrx_word' id='word_1_20' title='bbox 949 497 1048 575; x_wconf 82' lang='lat' dir='ltr'>ampli,</span> 
     </span>
    </p>

    <p class='ocr_par' dir='ltr' id='par_1_4' title="bbox 153 580 910 663">
     <span class='ocr_line' id='line_1_4' title="bbox 153 580 910 663; baseline -0.001 -22"><span class='ocrx_word' id='word_1_21' title='bbox 153 581 179 642; x_wconf 91' lang='lat' dir='ltr'>Si</span> <span class='ocrx_word' id='word_1_22' title='bbox 200 582 312 663; x_wconf 82' lang='lat' dir='ltr'>patriae</span> <span class='ocrx_word' id='word_1_23' title='bbox 334 581 479 654; x_wconf 86' lang='lat' dir='ltr'>volumus,</span> <span class='ocrx_word' id='word_1_24' title='bbox 502 583 526 641; x_wconf 90' lang='lat' dir='ltr'>si</span> <span class='ocrx_word' id='word_1_25' title='bbox 550 581 637 642; x_wconf 92' lang='lat' dir='ltr'>nobis</span> <span class='ocrx_word' id='word_1_26' title='bbox 659 581 754 641; x_wconf 89' lang='lat' dir='ltr'>vivere</span> <span class='ocrx_word' id='word_1_27' title='bbox 776 580 845 640; x_wconf 89' lang='lat' dir='ltr'>cari.</span> <span class='ocrx_word' id='word_1_28' title='bbox 868 614 910 624; x_wconf 90' lang='lat'>-—</span> 
     </span>
    </p>

    <p class='ocr_par' dir='ltr' id='par_1_5' title="bbox 151 665 1138 825">
     <span class='ocr_line' id='line_1_5' title="bbox 151 665 1138 738; baseline 0.001 -11"><span class='ocrx_word' id='word_1_29' title='bbox 151 666 243 728; x_wconf 81' lang='lat' dir='ltr'><strong>Debes</strong></span> <span class='ocrx_word' id='word_1_30' title='bbox 265 667 324 726; x_wconf 90' lang='lat' dir='ltr'>hoc</span> <span class='ocrx_word' id='word_1_31' title='bbox 346 666 433 726; x_wconf 91' lang='lat' dir='ltr'>etiam</span> <span class='ocrx_word' id='word_1_32' title='bbox 457 665 630 738; x_wconf 80' lang='lat' dir='ltr'><strong>rescribere,</strong></span> <span class='ocrx_word' id='word_1_33' title='bbox 653 666 691 727; x_wconf 91' lang='lat' dir='ltr'>sit</span> <span class='ocrx_word' id='word_1_34' title='bbox 712 665 766 726; x_wconf 84' lang='lat' dir='ltr'>tibi</span> <span class='ocrx_word' id='word_1_35' title='bbox 788 684 887 734; x_wconf 80' lang='lat' dir='ltr'>curae,</span> <span class='ocrx_word' id='word_1_36' title='bbox 1109 677 1138 728; x_wconf 77' lang='lat'>30</span> 
     </span>
     <span class='ocr_line' id='line_1_6' title="bbox 151 751 919 825; baseline -0.004 -13"><span class='ocrx_word' id='word_1_37' title='bbox 151 751 283 823; x_wconf 75' lang='lat' dir='ltr'>noaino</span> <span class='ocrx_word' id='word_1_38' title='bbox 306 751 473 824; x_wconf 88' lang='lat' dir='ltr'>conveniat,</span> <span class='ocrx_word' id='word_1_39' title='bbox 497 751 662 825; x_wconf 83' lang='lat' dir='ltr'>Munatius3</span> <span class='ocrx_word' id='word_1_40' title='bbox 685 769 722 810; x_wconf 95' lang='lat' dir='ltr'>an</span> <span class='ocrx_word' id='word_1_41' title='bbox 746 751 919 811; x_wconf 81' lang='lat' dir='ltr'>malesarta</span> 
     </span>
    </p>

    <p class='ocr_par' dir='ltr' id='par_1_6' title="bbox 150 835 918 914">
     <span class='ocr_line' id='line_1_7' title="bbox 150 835 918 914; baseline 0 -18"><span class='ocrx_word' id='word_1_42' title='bbox 150 835 246 898; x_wconf 84' lang='lat' dir='ltr'>Gratia</span> <span class='ocrx_word' id='word_1_43' title='bbox 271 837 453 914; x_wconf 86' lang='lat' dir='ltr'>nequiquam</span> <span class='ocrx_word' id='word_1_44' title='bbox 477 836 536 897; x_wconf 82' lang='lat' dir='ltr'>coit</span> <span class='ocrx_word' id='word_1_45' title='bbox 559 846 588 896; x_wconf 94' lang='lat' dir='ltr'>et</span> <span class='ocrx_word' id='word_1_46' title='bbox 611 836 790 896; x_wconf 87' lang='lat' dir='ltr'>rescinditur</span> <span class='ocrx_word' id='word_1_47' title='bbox 812 854 845 896; x_wconf 90' lang='lat' dir='ltr'>ac</span> <span class='ocrx_word' id='word_1_48' title='bbox 867 855 918 896; x_wconf 86' lang='lat' dir='ltr'>vos</span> 
     </span>
    </p>

    <p class='ocr_par' dir='ltr' id='par_1_7' title="bbox 149 921 929 1000">
     <span class='ocr_line' id='line_1_8' title="bbox 149 921 929 1000; baseline 0 -20"><span class='ocrx_word' id='word_1_49' title='bbox 149 921 206 982; x_wconf 90' lang='lat' dir='ltr'>Seu</span> <span class='ocrx_word' id='word_1_50' title='bbox 231 921 344 982; x_wconf 89' lang='lat' dir='ltr'>calidus</span> <span class='ocrx_word' id='word_1_51' title='bbox 366 921 487 1000; x_wconf 83' lang='lat' dir='ltr'>sanguis</span> <span class='ocrx_word' id='word_1_52' title='bbox 509 940 561 981; x_wconf 93' lang='lat' dir='ltr'>seu</span> <span class='ocrx_word' id='word_1_53' title='bbox 584 939 684 981; x_wconf 90' lang='lat' dir='ltr'>rerum</span> <span class='ocrx_word' id='word_1_54' title='bbox 708 921 823 982; x_wconf 84' lang='lat' dir='ltr'>inscitia</span> <span class='ocrx_word' id='word_1_55' title='bbox 846 931 929 981; x_wconf 82' lang='lat' dir='ltr'>verat</span> 
     </span>
    </p>

    <p class='ocr_par' dir='ltr' id='par_1_8' title="bbox 149 1004 914 1085">
     <span class='ocr_line' id='line_1_9' title="bbox 149 1004 914 1085; baseline 0.001 -20"><span class='ocrx_word' id='word_1_56' title='bbox 149 1006 296 1067; x_wconf 86' lang='lat' dir='ltr'>indomita</span> <span class='ocrx_word' id='word_1_57' title='bbox 320 1006 434 1066; x_wconf 85' lang='lat' dir='ltr'>cervice</span> <span class='ocrx_word' id='word_1_58' title='bbox 456 1004 556 1067; x_wconf 75' lang='lat' dir='ltr'>feros?</span> <span class='ocrx_word' id='word_1_59' title='bbox 580 1005 759 1085; x_wconf 91' lang='lat' dir='ltr'>ubicumque</span> <span class='ocrx_word' id='word_1_60' title='bbox 782 1006 914 1067; x_wconf 90' lang='lat' dir='ltr'>locorum</span> 
     </span>
    </p>

    <p class='ocr_par' dir='ltr' id='par_1_9' title="bbox 147 1090 883 1170">
     <span class='ocr_line' id='line_1_10' title="bbox 147 1090 883 1170; baseline 0.005 -22"><span class='ocrx_word' id='word_1_61' title='bbox 147 1090 258 1163; x_wconf 86' lang='lat' dir='ltr'>Viritis,</span> <span class='ocrx_word' id='word_1_62' title='bbox 283 1090 397 1170; x_wconf 83' lang='lat' dir='ltr'><strong>indigni</strong></span> <span class='ocrx_word' id='word_1_63' title='bbox 421 1092 583 1151; x_wconf 83' lang='lat' dir='ltr'>fraternum</span> <span class='ocrx_word' id='word_1_64' title='bbox 607 1109 748 1170; x_wconf 90' lang='lat' dir='ltr'><strong>rumpere</strong></span> <span class='ocrx_word' id='word_1_65' title='bbox 770 1092 883 1163; x_wconf 82' lang='lat' dir='ltr'>foedus,</span> 
     </span>
    </p>

    <p class='ocr_par' dir='ltr' id='par_1_10' title="bbox 147 1175 973 1238">
     <span class='ocr_line' id='line_1_11' title="bbox 147 1175 973 1238; baseline 0.002 -3"><span class='ocrx_word' id='word_1_66' title='bbox 147 1175 283 1238; x_wconf 89' lang='lat' dir='ltr'>Pascitur</span> <span class='ocrx_word' id='word_1_67' title='bbox 306 1177 337 1236; x_wconf 93' lang='lat' dir='ltr'>in</span> <span class='ocrx_word' id='word_1_68' title='bbox 360 1186 489 1236; x_wconf 91' lang='lat' dir='ltr'>vestrum</span> <span class='ocrx_word' id='word_1_69' title='bbox 513 1176 638 1236; x_wconf 90' lang='lat' dir='ltr'>reditum</span> <span class='ocrx_word' id='word_1_70' title='bbox 661 1177 754 1236; x_wconf 84' lang='lat' dir='ltr'>votiva</span> <span class='ocrx_word' id='word_1_71' title='bbox 778 1177 909 1237; x_wconf 85' lang='lat' dir='ltr'>iuvenca.</span> <span class='ocrx_word' id='word_1_72' title='bbox 968 1216 973 1225; x_wconf 89' lang='lat'><em>·</em></span> 
     </span>
    </p>
   </div>
   <div class='ocr_carea' id='block_1_3' title="bbox 587 1429 623 1489">
    <p class='ocr_par' dir='ltr' id='par_1_11' title="bbox 587 1429 623 1489">
     <span class='ocr_line' id='line_1_12' title="bbox 587 1429 623 1489; baseline -0.056 0"><span class='ocrx_word' id='word_1_73' title='bbox 587 1429 623 1489; x_wconf 86' lang='lat' dir='ltr'>lv</span> 
     </span>
    </p>
   </div>
   <div class='ocr_carea' id='block_1_4' title="bbox 148 1548 1143 2903">
    <p class='ocr_par' dir='ltr' id='par_1_12' title="bbox 148 1548 882 1620">
     <span class='ocr_line' id='line_1_13' title="bbox 148 1548 882 1620; baseline 0.001 -12"><span class='ocrx_word' id='word_1_74' title='bbox 148 1549 226 1620; x_wconf 79' lang='lat' dir='ltr'><strong>Albi,</strong></span> <span class='ocrx_word' id='word_1_75' title='bbox 250 1555 420 1608; x_wconf 89' lang='lat' dir='ltr'>nostrorum</span> <span class='ocrx_word' id='word_1_76' title='bbox 444 1565 615 1608; x_wconf 85' lang='lat' dir='ltr'><strong>sermonum</strong></span> <span class='ocrx_word' id='word_1_77' title='bbox 639 1548 763 1609; x_wconf 85' lang='lat' dir='ltr'>candide</span> <span class='ocrx_word' id='word_1_78' title='bbox 785 1549 882 1620; x_wconf 86' lang='lat' dir='ltr'>iudex,</span> 
     </span>
    </p>

    <p class='ocr_par' dir='ltr' id='par_1_13' title="bbox 150 1632 983 1713">
     <span class='ocr_line' id='line_1_14' title="bbox 150 1632 983 1713; baseline -0.001 -19"><span class='ocrx_word' id='word_1_79' title='bbox 150 1633 227 1704; x_wconf 81' lang='lat' dir='ltr'><strong>Quid</strong></span> <span class='ocrx_word' id='word_1_80' title='bbox 252 1650 335 1694; x_wconf 91' lang='lat' dir='ltr'><strong>nunc</strong></span> <span class='ocrx_word' id='word_1_81' title='bbox 357 1641 386 1692; x_wconf 91' lang='lat' dir='ltr'>te</span> <span class='ocrx_word' id='word_1_82' title='bbox 408 1632 501 1692; x_wconf 89' lang='lat' dir='ltr'>dicam</span> <span class='ocrx_word' id='word_1_83' title='bbox 524 1633 621 1694; x_wconf 82' lang='lat' dir='ltr'>facere</span> <span class='ocrx_word' id='word_1_84' title='bbox 644 1634 675 1693; x_wconf 94' lang='lat' dir='ltr'>in</span> <span class='ocrx_word' id='word_1_85' title='bbox 699 1634 821 1713; x_wconf 82' lang='lat' dir='ltr'>regione</span> <span class='ocrx_word' id='word_1_86' title='bbox 845 1632 983 1694; x_wconf 82' lang='lat' dir='ltr'>Pedana?</span> 
     </span>
    </p>

    <p class='ocr_par' dir='ltr' id='par_1_14' title="bbox 154 1716 975 1797">
     <span class='ocr_line' id='line_1_15' title="bbox 154 1716 975 1797; baseline 0.001 -19"><span class='ocrx_word' id='word_1_87' title='bbox 154 1718 290 1779; x_wconf 81' lang='lat' dir='ltr'><strong>Scribere</strong></span> <span class='ocrx_word' id='word_1_88' title='bbox 313 1718 392 1796; x_wconf 89' lang='lat' dir='ltr'>quod</span> <span class='ocrx_word' id='word_1_89' title='bbox 415 1716 493 1778; x_wconf 84' lang='lat' dir='ltr'>Cassi</span> <span class='ocrx_word' id='word_1_90' title='bbox 516 1718 684 1779; x_wconf 88' lang='lat' dir='ltr'><strong>Parmensis</strong></span> <span class='ocrx_word' id='word_1_91' title='bbox 706 1718 846 1797; x_wconf 88' lang='lat' dir='ltr'>opuscula</span> <span class='ocrx_word' id='word_1_92' title='bbox 868 1720 975 1790; x_wconf 86' lang='lat' dir='ltr'>vincat,</span> 
     </span>
    </p>

    <p class='ocr_par' dir='ltr' id='par_1_15' title="bbox 155 1802 842 1881">
     <span class='ocr_line' id='line_1_16' title="bbox 155 1802 842 1881; baseline 0 -17"><span class='ocrx_word' id='word_1_93' title='bbox 155 1809 197 1864; x_wconf 75' lang='lat' dir='ltr'>nn</span> <span class='ocrx_word' id='word_1_94' title='bbox 218 1802 341 1864; x_wconf 87' lang='lat' dir='ltr'>tacitum</span> <span class='ocrx_word' id='word_1_95' title='bbox 365 1802 449 1863; x_wconf 91' lang='lat' dir='ltr'>silvas</span> <span class='ocrx_word' id='word_1_96' title='bbox 471 1803 550 1863; x_wconf 91' lang='lat' dir='ltr'>inter</span> <span class='ocrx_word' id='word_1_97' title='bbox 572 1812 687 1881; x_wconf 90' lang='lat' dir='ltr'>reptare</span> <span class='ocrx_word' id='word_1_98' title='bbox 709 1803 842 1877; x_wconf 91' lang='lat' dir='ltr'>salubris,</span> 
     </span>
    </p>

    <p class='ocr_par' dir='ltr' id='par_1_16' title="bbox 155 1886 1031 1968">
     <span class='ocr_line' id='line_1_17' title="bbox 155 1886 1031 1968; baseline -0.001 -19"><span class='ocrx_word' id='word_1_99' title='bbox 155 1887 311 1949; x_wconf 85' lang='lat' dir='ltr'>Curantem</span> <span class='ocrx_word' id='word_1_100' title='bbox 334 1887 476 1966; x_wconf 89' lang='lat' dir='ltr'>quidquid</span> <span class='ocrx_word' id='word_1_101' title='bbox 499 1888 621 1966; x_wconf 85' lang='lat' dir='ltr'><strong>dignum</strong></span> <span class='ocrx_word' id='word_1_102' title='bbox 644 1888 777 1968; x_wconf 82' lang='lat' dir='ltr'>sapiente</span> <span class='ocrx_word' id='word_1_103' title='bbox 799 1888 941 1968; x_wconf 91' lang='lat' dir='ltr'>bonoque</span> <span class='ocrx_word' id='word_1_104' title='bbox 965 1886 1031 1951; x_wconf 81' lang='lat' dir='ltr'>cst?</span> 
     </span>
    </p>

    <p class='ocr_par' dir='ltr' id='par_1_17' title="bbox 156 1973 1023 2052">
     <span class='ocr_line' id='line_1_18' title="bbox 156 1973 1023 2052; baseline 0 -18"><span class='ocrx_word' id='word_1_105' title='bbox 156 1974 216 2034; x_wconf 82' lang='lat' dir='ltr'>Non</span> <span class='ocrx_word' id='word_1_106' title='bbox 241 1982 274 2033; x_wconf 91' lang='lat' dir='ltr'>tu</span> <span class='ocrx_word' id='word_1_107' title='bbox 298 1990 406 2052; x_wconf 92' lang='lat' dir='ltr'>corpus</span> <span class='ocrx_word' id='word_1_108' title='bbox 429 1991 493 2033; x_wconf 91' lang='lat' dir='ltr'>cras</span> <span class='ocrx_word' id='word_1_109' title='bbox 515 1973 579 2034; x_wconf 92' lang='lat' dir='ltr'>sine</span> <span class='ocrx_word' id='word_1_110' title='bbox 601 1983 738 2052; x_wconf 90' lang='lat' dir='ltr'>pectore:</span> <span class='ocrx_word' id='word_1_111' title='bbox 762 1973 790 2033; x_wconf 89' lang='lat' dir='ltr'>di</span> <span class='ocrx_word' id='word_1_112' title='bbox 812 1973 866 2035; x_wconf 93' lang='lat' dir='ltr'>tibi</span> <span class='ocrx_word' id='word_1_113' title='bbox 890 1976 1023 2046; x_wconf 85' lang='lat' dir='ltr'>sormam,</span> 
     </span>
    </p>

    <p class='ocr_par' dir='ltr' id='par_1_18' title="bbox 157 2056 892 2137">
     <span class='ocr_line' id='line_1_19' title="bbox 157 2056 892 2137; baseline 0.001 -18"><span class='ocrx_word' id='word_1_114' title='bbox 157 2058 188 2119; x_wconf 86' lang='lat' dir='ltr'>Di</span> <span class='ocrx_word' id='word_1_115' title='bbox 210 2057 264 2118; x_wconf 89' lang='lat' dir='ltr'>tibi</span> <span class='ocrx_word' id='word_1_116' title='bbox 287 2056 399 2117; x_wconf 84' lang='lat' dir='ltr'>divitias</span> <span class='ocrx_word' id='word_1_117' title='bbox 421 2057 568 2118; x_wconf 88' lang='lat' dir='ltr'>dederunt</span> <span class='ocrx_word' id='word_1_118' title='bbox 589 2067 740 2137; x_wconf 84' lang='lat' dir='ltr'>artemque</span> <span class='ocrx_word' id='word_1_119' title='bbox 766 2060 892 2121; x_wconf 86' lang='lat' dir='ltr'>fruendi.</span> 
     </span>
    </p>

    <p class='ocr_par' dir='ltr' id='par_1_19' title="bbox 157 2142 894 2216">
     <span class='ocr_line' id='line_1_20' title="bbox 157 2142 894 2216; baseline 0.003 -12"><span class='ocrx_word' id='word_1_120' title='bbox 157 2142 230 2214; x_wconf 82' lang='lat' dir='ltr'><strong>Quid</strong></span> <span class='ocrx_word' id='word_1_121' title='bbox 253 2150 356 2202; x_wconf 87' lang='lat' dir='ltr'>voveat</span> <span class='ocrx_word' id='word_1_122' title='bbox 377 2142 455 2203; x_wconf 78' lang='lat' dir='ltr'>dulci</span> <span class='ocrx_word' id='word_1_123' title='bbox 479 2142 625 2204; x_wconf 89' lang='lat' dir='ltr'>nutricula</span> <span class='ocrx_word' id='word_1_124' title='bbox 648 2144 741 2205; x_wconf 92' lang='lat' dir='ltr'>maius</span> <span class='ocrx_word' id='word_1_125' title='bbox 763 2145 894 2216; x_wconf 90' lang='lat' dir='ltr'>alumno,</span> 
     </span>
    </p>

    <p class='ocr_par' dir='ltr' id='par_1_20' title="bbox 158 2227 932 2308">
     <span class='ocr_line' id='line_1_21' title="bbox 158 2227 932 2308; baseline 0.003 -20"><span class='ocrx_word' id='word_1_126' title='bbox 158 2229 211 2298; x_wconf 81' lang='lat' dir='ltr'>Qui</span> <span class='ocrx_word' id='word_1_127' title='bbox 234 2245 339 2308; x_wconf 87' lang='lat' dir='ltr'>sapere</span> <span class='ocrx_word' id='word_1_128' title='bbox 362 2237 390 2288; x_wconf 91' lang='lat' dir='ltr'>et</span> <span class='ocrx_word' id='word_1_129' title='bbox 413 2227 467 2287; x_wconf 85' lang='lat' dir='ltr'>fari</span> <span class='ocrx_word' id='word_1_130' title='bbox 491 2229 583 2306; x_wconf 83' lang='lat' dir='ltr'>possit</span> <span class='ocrx_word' id='word_1_131' title='bbox 606 2248 681 2308; x_wconf 93' lang='lat' dir='ltr'>quae</span> <span class='ocrx_word' id='word_1_132' title='bbox 704 2230 810 2291; x_wconf 86' lang='lat' dir='ltr'>sentiat</span> <span class='ocrx_word' id='word_1_133' title='bbox 833 2239 862 2291; x_wconf 89' lang='lat' dir='ltr'>et</span> <span class='ocrx_word' id='word_1_134' title='bbox 884 2231 932 2290; x_wconf 91' lang='lat' dir='ltr'>cui</span> 
     </span>
    </p>

    <p class='ocr_par' dir='ltr' id='par_1_21' title="bbox 158 2312 1143 2460">
     <span class='ocr_line' id='line_1_22' title="bbox 159 2312 1143 2392; baseline 0.004 -21"><span class='ocrx_word' id='word_1_135' title='bbox 159 2312 264 2384; x_wconf 83' lang='lat' dir='ltr'>Gratia,</span> <span class='ocrx_word' id='word_1_136' title='bbox 287 2313 372 2385; x_wconf 85' lang='lat' dir='ltr'>fama,</span> <span class='ocrx_word' id='word_1_137' title='bbox 394 2312 529 2373; x_wconf 83' lang='lat' dir='ltr'>valetudo</span> <span class='ocrx_word' id='word_1_138' title='bbox 553 2315 706 2392; x_wconf 84' lang='lat' dir='ltr'>contingat</span> <span class='ocrx_word' id='word_1_139' title='bbox 728 2314 846 2376; x_wconf 89' lang='lat' dir='ltr'>abunde</span> <span class='ocrx_word' id='word_1_140' title='bbox 1115 2324 1143 2375; x_wconf 85' lang='lat'>10</span> 
     </span>
     <span class='ocr_line' id='line_1_23' title="bbox 158 2397 897 2460; baseline 0.004 -3"><span class='ocrx_word' id='word_1_141' title='bbox 158 2397 191 2458; x_wconf 86' lang='lat' dir='ltr'>Et</span> <span class='ocrx_word' id='word_1_142' title='bbox 210 2397 341 2458; x_wconf 91' lang='lat' dir='ltr'>mundus</span> <span class='ocrx_word' id='word_1_143' title='bbox 363 2398 456 2458; x_wconf 85' lang='lat' dir='ltr'>rictus</span> <span class='ocrx_word' id='word_1_144' title='bbox 478 2417 539 2458; x_wconf 92' lang='lat' dir='ltr'>non</span> <span class='ocrx_word' id='word_1_145' title='bbox 563 2399 717 2460; x_wconf 84' lang='lat' dir='ltr'>deficiente</span> <span class='ocrx_word' id='word_1_146' title='bbox 740 2398 897 2460; x_wconf 84' lang='lat' dir='ltr'>crumina?</span> 
     </span>
    </p>

    <p class='ocr_par' dir='ltr' id='par_1_22' title="bbox 159 2481 907 2562">
     <span class='ocr_line' id='line_1_24' title="bbox 159 2481 907 2562; baseline 0.005 -21"><span class='ocrx_word' id='word_1_147' title='bbox 159 2481 235 2543; x_wconf 90' lang='lat' dir='ltr'>lnter</span> <span class='ocrx_word' id='word_1_148' title='bbox 256 2500 339 2562; x_wconf 89' lang='lat' dir='ltr'>spem</span> <span class='ocrx_word' id='word_1_149' title='bbox 363 2500 533 2562; x_wconf 89' lang='lat' dir='ltr'>curamque,</span> <span class='ocrx_word' id='word_1_150' title='bbox 552 2485 675 2552; x_wconf 52' lang='lat' dir='ltr'>,timores</span> <span class='ocrx_word' id='word_1_151' title='bbox 697 2484 775 2544; x_wconf 90' lang='lat' dir='ltr'>inter</span> <span class='ocrx_word' id='word_1_152' title='bbox 798 2492 827 2543; x_wconf 86' lang='lat' dir='ltr'>et</span> <span class='ocrx_word' id='word_1_153' title='bbox 848 2484 907 2545; x_wconf 93' lang='lat' dir='ltr'>iras</span> 
     </span>
    </p>

    <p class='ocr_par' dir='ltr' id='par_1_23' title="bbox 161 2567 940 2648">
     <span class='ocr_line' id='line_1_25' title="bbox 161 2567 940 2648; baseline 0.003 -20"><span class='ocrx_word' id='word_1_154' title='bbox 161 2567 283 2629; x_wconf 83' lang='lat' dir='ltr'>Omnem</span> <span class='ocrx_word' id='word_1_155' title='bbox 307 2568 394 2628; x_wconf 89' lang='lat' dir='ltr'>crede</span> <span class='ocrx_word' id='word_1_156' title='bbox 417 2568 492 2629; x_wconf 91' lang='lat' dir='ltr'>diem</span> <span class='ocrx_word' id='word_1_157' title='bbox 515 2567 569 2629; x_wconf 91' lang='lat' dir='ltr'>tibi</span> <span class='ocrx_word' id='word_1_158' title='bbox 593 2568 729 2629; x_wconf 87' lang='lat' dir='ltr'><strong>diluxisse</strong></span> <span class='ocrx_word' id='word_1_159' title='bbox 752 2587 940 2648; x_wconf 89' lang='lat' dir='ltr'>supremum:</span> 
     </span>
    </p>

    <p class='ocr_par' dir='ltr' id='par_1_24' title="bbox 162 2651 932 2732">
     <span class='ocr_line' id='line_1_26' title="bbox 162 2651 932 2732; baseline 0.003 -20"><span class='ocrx_word' id='word_1_160' title='bbox 162 2651 245 2713; x_wconf 86' lang='lat' dir='ltr'>Grata</span> <span class='ocrx_word' id='word_1_161' title='bbox 268 2653 458 2731; x_wconf 87' lang='lat' dir='ltr'>superveniet</span> <span class='ocrx_word' id='word_1_162' title='bbox 480 2671 554 2731; x_wconf 93' lang='lat' dir='ltr'>quae</span> <span class='ocrx_word' id='word_1_163' title='bbox 578 2673 638 2714; x_wconf 93' lang='lat' dir='ltr'>nnn</span> <span class='ocrx_word' id='word_1_164' title='bbox 662 2652 829 2732; x_wconf 88' lang='lat' dir='ltr'>sperabitur</span> <span class='ocrx_word' id='word_1_165' title='bbox 850 2654 932 2714; x_wconf 91' lang='lat' dir='ltr'>hora.</span> 
     </span>
    </p>

    <p class='ocr_par' dir='ltr' id='par_1_25' title="bbox 160 2736 1143 2903">
     <span class='ocr_line' id='line_1_27' title="bbox 161 2736 1143 2816; baseline 0 -19"><span class='ocrx_word' id='word_1_166' title='bbox 161 2736 201 2798; x_wconf 85' lang='lat' dir='ltr'>bie</span> <span class='ocrx_word' id='word_1_167' title='bbox 224 2737 367 2816; x_wconf 80' lang='lat' dir='ltr'>pinguem</span> <span class='ocrx_word' id='word_1_168' title='bbox 390 2748 419 2798; x_wconf 90' lang='lat' dir='ltr'>et</span> <span class='ocrx_word' id='word_1_169' title='bbox 442 2738 565 2798; x_wconf 91' lang='lat' dir='ltr'>nitidum</span> <span class='ocrx_word' id='word_1_170' title='bbox 590 2737 667 2799; x_wconf 92' lang='lat' dir='ltr'>bene</span> <span class='ocrx_word' id='word_1_171' title='bbox 689 2749 787 2798; x_wconf 85' lang='lat' dir='ltr'>curata</span> <span class='ocrx_word' id='word_1_172' title='bbox 811 2747 877 2799; x_wconf 92' lang='lat' dir='ltr'>cute</span> <span class='ocrx_word' id='word_1_173' title='bbox 900 2739 986 2810; x_wconf 88' lang='lat' dir='ltr'>vises,</span> <span class='ocrx_word' id='word_1_174' title='bbox 1115 2747 1143 2797; x_wconf 74' lang='lat'>15</span> 
     </span>
     <span class='ocr_line' id='line_1_28' title="bbox 160 2820 918 2903; baseline 0.001 -21"><span class='ocrx_word' id='word_1_175' title='bbox 160 2820 227 2883; x_wconf 84' lang='lat' dir='ltr'>Cum</span> <span class='ocrx_word' id='word_1_176' title='bbox 250 2822 347 2883; x_wconf 89' lang='lat' dir='ltr'>ridere</span> <span class='ocrx_word' id='word_1_177' title='bbox 368 2823 449 2883; x_wconf 83' lang='lat' dir='ltr'>voles</span> <span class='ocrx_word' id='word_1_178' title='bbox 470 2821 592 2902; x_wconf 89' lang='lat' dir='ltr'>Epicuri</span> <span class='ocrx_word' id='word_1_179' title='bbox 615 2824 651 2883; x_wconf 90' lang='lat' dir='ltr'>de</span> <span class='ocrx_word' id='word_1_180' title='bbox 673 2841 762 2903; x_wconf 85' lang='lat' dir='ltr'>grege</span> <span class='ocrx_word' id='word_1_181' title='bbox 784 2841 918 2902; x_wconf 89' lang='lat' dir='ltr'>porcum.</span> 
     </span>
    </p>
   </div>
   <div class='ocr_carea' id='block_1_5' title="bbox 594 3076 617 3136">
    <p class='ocr_par' dir='ltr' id='par_1_26' title="bbox 594 3076 617 3136">
     <span class='ocr_line' id='line_1_29' title="bbox 594 3076 617 3136; baseline 0 0"><span class='ocrx_word' id='word_1_182' title='bbox 594 3076 617 3136; x_wconf 89' lang='lat' dir='ltr'>V</span> 
     </span>
    </p>
   </div>
   <div class='ocr_carea' id='block_1_6' title="bbox 160 3193 1145 3615">
    <p class='ocr_par' dir='ltr' id='par_1_27' title="bbox 161 3193 911 3274">
     <span class='ocr_line' id='line_1_30' title="bbox 161 3193 911 3274; baseline 0.004 -20"><span class='ocrx_word' id='word_1_183' title='bbox 161 3195 186 3254; x_wconf 88' lang='lat' dir='ltr'>Si</span> <span class='ocrx_word' id='word_1_184' title='bbox 208 3202 295 3274; x_wconf 87' lang='lat' dir='ltr'>potes</span> <span class='ocrx_word' id='word_1_185' title='bbox 317 3193 467 3255; x_wconf 81' lang='lat' dir='ltr'>Archiacis</span> <span class='ocrx_word' id='word_1_186' title='bbox 488 3195 608 3256; x_wconf 85' lang='lat' dir='ltr'>conviva</span> <span class='ocrx_word' id='word_1_187' title='bbox 632 3195 805 3257; x_wconf 89' lang='lat' dir='ltr'>recumbere</span> <span class='ocrx_word' id='word_1_188' title='bbox 828 3196 911 3257; x_wconf 83' lang='lat' dir='ltr'>lectis</span> 
     </span>
    </p>

    <p class='ocr_par' dir='ltr' id='par_1_28' title="bbox 160 3278 948 3360">
     <span class='ocr_line' id='line_1_31' title="bbox 160 3278 948 3360; baseline 0.005 -23"><span class='ocrx_word' id='word_1_189' title='bbox 160 3278 215 3340; x_wconf 88' lang='lat' dir='ltr'>Neo</span> <span class='ocrx_word' id='word_1_190' title='bbox 238 3278 354 3339; x_wconf 86' lang='lat' dir='ltr'>modica</span> <span class='ocrx_word' id='word_1_191' title='bbox 377 3296 485 3340; x_wconf 89' lang='lat' dir='ltr'>cenare</span> <span class='ocrx_word' id='word_1_192' title='bbox 507 3281 593 3342; x_wconf 88' lang='lat' dir='ltr'>times</span> <span class='ocrx_word' id='word_1_193' title='bbox 614 3281 701 3342; x_wconf 89' lang='lat' dir='ltr'><strong>bolus</strong></span> <span class='ocrx_word' id='word_1_194' title='bbox 724 3300 811 3341; x_wconf 88' lang='lat' dir='ltr'>omnc</span> <span class='ocrx_word' id='word_1_195' title='bbox 834 3283 948 3360; x_wconf 88' lang='lat' dir='ltr'>patella,</span> 
     </span>
    </p>

    <p class='ocr_par' dir='ltr' id='par_1_29' title="bbox 161 3363 893 3444">
     <span class='ocr_line' id='line_1_32' title="bbox 161 3363 893 3444; baseline 0.007 -22"><span class='ocrx_word' id='word_1_196' title='bbox 161 3363 304 3443; x_wconf 89' lang='lat' dir='ltr'>Supremo</span> <span class='ocrx_word' id='word_1_197' title='bbox 326 3372 357 3424; x_wconf 88' lang='lat' dir='ltr'>te</span> <span class='ocrx_word' id='word_1_198' title='bbox 379 3364 440 3425; x_wconf 87' lang='lat' dir='ltr'>sole</span> <span class='ocrx_word' id='word_1_199' title='bbox 462 3364 551 3438; x_wconf 85' lang='lat' dir='ltr'>domi,</span> <span class='ocrx_word' id='word_1_200' title='bbox 575 3364 734 3444; x_wconf 86' lang='lat' dir='ltr'>Torquate,</span> <span class='ocrx_word' id='word_1_201' title='bbox 756 3367 893 3427; x_wconf 86' lang='lat' dir='ltr'>manebo.</span> 
     </span>
    </p>

    <p class='ocr_par' dir='ltr' id='par_1_30' title="bbox 162 3447 874 3531">
     <span class='ocr_line' id='line_1_33' title="bbox 162 3447 874 3531; baseline 0.011 -26"><span class='ocrx_word' id='word_1_202' title='bbox 162 3447 229 3509; x_wconf 90' lang='lat' dir='ltr'>Vina</span> <span class='ocrx_word' id='word_1_203' title='bbox 252 3447 337 3509; x_wconf 89' lang='lat' dir='ltr'><strong>bibes</strong></span> <span class='ocrx_word' id='word_1_204' title='bbox 359 3448 466 3510; x_wconf 85' lang='lat' dir='ltr'>iterum</span> <span class='ocrx_word' id='word_1_205' title='bbox 489 3450 586 3511; x_wconf 89' lang='lat' dir='ltr'>Tauro</span> <span class='ocrx_word' id='word_1_206' title='bbox 610 3451 714 3512; x_wconf 81' lang='lat' dir='ltr'>diffusa</span> <span class='ocrx_word' id='word_1_207' title='bbox 737 3452 874 3531; x_wconf 85' lang='lat' dir='ltr'>palustris</span> 
     </span>
    </p>

    <p class='ocr_par' dir='ltr' id='par_1_31' title="bbox 161 3531 1145 3615">
     <span class='ocr_line' id='line_1_34' title="bbox 161 3531 1145 3615; baseline 0.006 -24"><span class='ocrx_word' id='word_1_208' title='bbox 161 3531 240 3595; x_wconf 81' lang='lat' dir='ltr'>Inter</span> <span class='ocrx_word' id='word_1_209' title='bbox 261 3533 428 3596; x_wconf 84' lang='lat' dir='ltr'>Minturnas</span> <span class='ocrx_word' id='word_1_210' title='bbox 451 3535 722 3615; x_wconf 87' lang='lat' dir='ltr'>Sinuessanumque</span> <span class='ocrx_word' id='word_1_211' title='bbox 744 3537 907 3597; x_wconf 86' lang='lat' dir='ltr'>Petrinum.</span> <span class='ocrx_word' id='word_1_212' title='bbox 1131 3547 1145 3597; x_wconf 76' lang='lat'><strong>5</strong></span> 
     </span>
    </p>
   </div>
   <div class='ocr_carea' id='block_1_7' title="bbox 103 3677 279 3695">
    <p class='ocr_par' dir='ltr' id='par_1_32' title="bbox 103 3677 279 3695">
     <span class='ocr_line' id='line_1_35' title="bbox 103 3677 279 3695; baseline 0 -1"><span class='ocrx_word' id='word_1_213' title='bbox 103 3677 279 3695; x_wconf 44' lang='lat' dir='ltr'>x—</span> 
     </span>
    </p>
   </div>
   <div class='ocr_carea' id='block_1_8' title="bbox 98 3784 1145 3989">
    <p class='ocr_par' dir='ltr' id='par_1_33' title="bbox 98 3784 1145 3989">
     <span class='ocr_line' id='line_1_36' title="bbox 162 3784 782 3850; baseline 0.005 -15"><span class='ocrx_word' id='word_1_214' title='bbox 162 3784 190 3836; x_wconf 89' lang='grc'>111</span> <span class='ocrx_word' id='word_1_215' title='bbox 206 3801 230 3837; x_wconf 82' lang='lat' dir='ltr'>c.</span> <span class='ocrx_word' id='word_1_216' title='bbox 248 3786 282 3838; x_wconf 78' lang='lat'>33</span> <span class='ocrx_word' id='word_1_217' title='bbox 301 3789 439 3848; x_wconf 89' lang='lat' dir='ltr'>seu-seu]</span> <span class='ocrx_word' id='word_1_218' title='bbox 456 3787 504 3850; x_wconf 67' lang='lat' dir='ltr'>(otc</span> <span class='ocrx_word' id='word_1_219' title='bbox 522 3787 657 3838; x_wconf 89' lang='lat' dir='ltr'><strong>beu—beu</strong></span> <span class='ocrx_word' id='word_1_220' title='bbox 677 3788 719 3850; x_wconf 88' lang='lat'>(=</span> <span class='ocrx_word' id='word_1_221' title='bbox 731 3787 782 3850; x_wconf 75' lang='lat'>13⁰)</span> 
     </span>
     <span class='ocr_line' id='line_1_37' title="bbox 163 3851 1145 3922; baseline 0.001 -19"><span class='ocrx_word' id='word_1_222' title='bbox 163 3851 193 3903; x_wconf 80' lang='grc' dir='ltr'><em>Ν</em></span> <span class='ocrx_word' id='word_1_223' title='bbox 210 3870 234 3907; x_wconf 88' lang='grc' dir='ltr'>υ.</span> <span class='ocrx_word' id='word_1_224' title='bbox 254 3856 269 3906; x_wconf 83' lang='grc'>5</span> <span class='ocrx_word' id='word_1_225' title='bbox 288 3852 436 3920; x_wconf 88' lang='lat' dir='ltr'>bonumque</span> <span class='ocrx_word' id='word_1_226' title='bbox 454 3853 539 3922; x_wconf 59' lang='lat'><strong>(1016</strong></span> <span class='ocrx_word' id='word_1_227' title='bbox 558 3855 607 3907; x_wconf 87' lang='lat' dir='ltr'>eris</span> <span class='ocrx_word' id='word_1_228' title='bbox 619 3855 817 3916; x_wconf 70' lang='lat' dir='ltr'>Paaadieociue,</span> <span class='ocrx_word' id='word_1_229' title='bbox 837 3855 979 3907; x_wconf 80' lang='lat' dir='ltr'>Horkela&#39;ur</span> <span class='ocrx_word' id='word_1_230' title='bbox 996 3853 1068 3904; x_wconf 85' lang='lat' dir='ltr'>nnol.</span> <span class='ocrx_word' id='word_1_231' title='bbox 1081 3853 1145 3904; x_wconf 86' lang='lat' dir='ltr'>Hor.</span> 
     </span>
     <span class='ocr_line' id='line_1_38' title="bbox 98 3920 1023 3989; baseline -0.005 -13"><span class='ocrx_word' id='word_1_232' title='bbox 98 3926 118 3976; x_wconf 74' lang='lat' dir='ltr'>i·</span> <span class='ocrx_word' id='word_1_233' title='bbox 134 3920 175 3972; x_wconf 77' lang='lat'>1³9</span> <span class='ocrx_word' id='word_1_234' title='bbox 185 3938 240 3987; x_wconf 75' lang='lat' dir='ltr'>sqq.</span> <span class='ocrx_word' id='word_1_235' title='bbox 256 3921 261 3989; x_wconf 91' lang='grc' dir='ltr'>Ι</span> <span class='ocrx_word' id='word_1_236' title='bbox 278 3923 292 3973; x_wconf 80' lang='grc'><strong>7</strong></span> <span class='ocrx_word' id='word_1_237' title='bbox 311 3921 434 3975; x_wconf 80' lang='lat' dir='ltr'>dederant</span> <span class='ocrx_word' id='word_1_238' title='bbox 451 3924 486 3985; x_wconf 82' lang='lat' dir='ltr'>(c)</span> <span class='ocrx_word' id='word_1_239' title='bbox 501 3923 506 3989; x_wconf 91' lang='grc' dir='ltr'>Ι</span> <span class='ocrx_word' id='word_1_240' title='bbox 523 3926 552 3978; x_wconf 93' lang='grc'>11</span> <span class='ocrx_word' id='word_1_241' title='bbox 572 3928 599 3975; x_wconf 87' lang='lat' dir='ltr'>et</span> <span class='ocrx_word' id='word_1_242' title='bbox 616 3922 707 3975; x_wconf 84' lang='lat' dir='ltr'>modus</span> <span class='ocrx_word' id='word_1_243' title='bbox 725 3927 752 3974; x_wconf 85' lang='lat' dir='ltr'>et</span> <span class='ocrx_word' id='word_1_244' title='bbox 768 3925 804 3989; x_wconf 84' lang='grc' dir='ltr'>(υ)</span> <span class='ocrx_word' id='word_1_245' title='bbox 819 3925 823 3988; x_wconf 81' lang='grc' dir='ltr'>Ι</span> <span class='ocrx_word' id='word_1_246' title='bbox 840 3925 871 3975; x_wconf 87' lang='grc'>16</span> <span class='ocrx_word' id='word_1_247' title='bbox 891 3923 971 3984; x_wconf 85' lang='lat' dir='ltr'>voles,</span> <span class='ocrx_word' id='word_1_248' title='bbox 988 3922 1023 3972; x_wconf 86' lang='lat' dir='ltr'>al.</span> 
     </span>
    </p>
   </div>
   <div class='ocr_carea' id='block_1_9' title="bbox 0 0 1244 4440">
    <p class='ocr_par' dir='ltr' id='par_1_34' title="bbox 0 0 1244 4440">
     <span class='ocr_line' id='line_1_39' title="bbox 0 0 1244 4440; baseline 0 0"><span class='ocrx_word' id='word_1_249' title='bbox 0 0 1244 4440; x_wconf 95' lang='lat' dir='ltr'> </span> 
     </span>
    </p>
   </div>
  </div>
 </body>
</html>
