2474 4440
468 268 657 320 sartandum
674 270 694 320 ll
713 273 735 322 3.

146 441 286 520 Eupolin‚
310 441 529 513 Archilochum,
554 443 676 502 comites
699 443 825 502 educere
848 441 966 503 tantos?

147 526 285 587 Invidiam
310 526 425 604 placare
449 545 535 605 paras
558 527 665 587 virtute
687 525 810 587 relicta?

149 612 345 673 Contemnere
369 611 467 672 miser
512 612 635 672 Vitanda
658 623 702 673 est
725 612 859 690 improba
882 613 966 673 Siren

148 697 261 758 Desidia
284 706 335 757 aut
357 696 511 794 quidquid·
524 697 579 758 vita
603 698 723 758 meliore
746 699 855 776 parasti
1108 712 1135 763 15

150 782 322 842 Ponendum
347 800 441 860 aequo
465 773 581 842 animo?
629 783 663 842 ui
688 792 726 852 te
750 783 933 862 Damasippe,
957 783 1087 864 deaeque

151 867 255 927 Verum
280 866 318 927 oh
342 868 497 928 eonsilium
521 868 634 927 donent
623 876 786 927 t.tonsore
832 868 888 928 Sed
913 871 991 930 uude

151 951 218 1011 Tam
249 951 325 1012 bene
349 970 395 1010 me
420 950 518 1013 nosti?
559 946 643 1013 ‘Post
631 962 731 1031 tquam
756 953 852 1013 omnis
875 972 922 1015 res
945 974 1009 1016 mea
1031 958 1135 1020 lanum

151 1037 190 1095 dd
214 1035 341 1096 medium
366 1037 458 1097 lracta
480 1047 532 1106 est,
556 1038 649 1097 aliena
675 1039 790 1116 negotia
814 1056 896 1112 curo,

150 1119 298 1182 Excussus
322 1122 465 1201 propriis;
489 1122 557 1181 olim
583 1141 650 1182 uam
673 1141 814 1201 quaerere
838 1125 979 1198 amabam,
1108 1140 1137 1190 ru

149 1206 214 1275 Quo
236 1207 317 1266 valer
339 1206 387 1266 ille
409 1207 499 1285 pedes
523 1207 637 1268 lavisset
659 1208 802 1288 Sisyphus
824 1227 900 1280 aare,

147 1290 222 1361 Quid
246 1291 394 1369 sculptum
417 1291 542 1362 iulahre,
566 1293 635 1370 quid
659 1294 756 1354 lusum
780 1294 883 1355 durius
905 1306 994 1369 esset;

147 1375 274 1438 Callidus
297 1377 364 1436 huic
387 1377 473 1454 signo
496 1378 641 1456 ponebam
666 1378 743 1437 milia
768 1389 904 1454 centum;

146 1461 256 1523 Hortos
279 1462 469 1540 egregiasque
494 1462 597 1523 domos
620 1463 777 1523 mercarier
799 1482 877 1525 unus

149 1546 219 1607 Cum
244 1547 327 1607 lucro
351 1565 470 1607 noram:
494 1547 573 1607 uude
595 1548 767 1648 frequentia
783 1548 956 1610 Mercuriale
1106 1563 1136 1614 25

147 1631 317 1711 Imposuere
340 1631 410 1691 mihi
433 1650 599 1710 cognomen
623 1622 767 1711 compita.³
815 1632 898 1704 Novi,

148 1716 184 1776 Et
207 1716 300 1778 miror
321 1715 419 1777 morbi
441 1728 599 1814 purgatum
623 1727 651 1778 te
674 1718 759 1778 illius
804 1719 893 1796 Atqui

148 1801 261 1863 Emovit
284 1812 411 1863 veterem
434 1803 508 1863 mire
532 1822 634 1875 novus,
658 1811 691 1862 ut
712 1802 826 1874 solet,‘
819 1822 848 1862 m
873 1822 925 1864 cor

149 1887 281 1948 Traiecto
304 1887 403 1948 lateris
426 1887 525 1948 miseri
548 1889 686 1968 capitisve
709 1888 820 1960 dolore,
868 1923 872 1932 ·

148 1971 186 2032 Ut
207 1973 386 2049 lethargicus
408 1973 455 2033 hic
478 1991 545 2033 cum
570 1975 601 2033 m
624 1973 704 2052 pugil
728 1983 757 2033 et
745 1972 925 2034 tmedicum
949 1988 1136 2058 urgento

149 2057 223 2118 llum
246 2058 357 2154 nequid
380 2058 473 2118 simile
497 2059 575 2132 huic,
598 2067 660 2118 esto
685 2067 716 2118 ut
739 2057 818 2119 libet.
868 2050 1018 2137 ‘‚0hone
1045 2083 1082 2124 ne
1105 2073 1135 2124 te

151 2141 321 2204 Frustrere.
345 2143 456 2204 insanis
479 2153 508 2203 et
531 2153 562 2203 tu
586 2143 726 2221 stultique
749 2162 843 2223 prope
868 2163 980 2220 omnes,

151 2226 251 2306 Siquid
273 2229 432 2289 Stertinius
454 2229 516 2288 reri
539 2238 649 2308 crepat,
673 2229 751 2288 unde
774 2248 829 2308 ego
852 2230 927 2290 mira

151 2313 296 2392 Descripsi
319 2313 421 2374 docilis
445 2323 600 2393 praecepta
622 2314 703 2386 haec,
726 2323 860 2394 tempore
884 2334 942 2393 quo
965 2334 1012 2376 me

152 2398 266 2459 Solatus
288 2399 371 2459 iussit
360 2399 555 2478 tsapientem
579 2417 700 2494 pascere
724 2399 843 2459 barbam
1106 2411 1136 2460 aa

152 2485 245 2561 dtqne
268 2501 284 2542 a
308 2483 440 2544 Fabricio
465 2503 525 2544 nou
550 2484 663 2544 tristem
685 2494 776 2562 ponte
800 2486 916 2544 reverti.

150 2566 221 2627 Nam
244 2569 320 2628 male
342 2588 374 2629 re
396 2579 478 2647 gesta
502 2587 568 2629 cum
591 2569 694 2629 vellem
718 2570 835 2630 mittere
858 2578 960 2649 operto

152 2653 194 2714 lle
218 2653 313 2750 capite
335 2652 366 2714 in
389 2654 509 2726 flumen,
532 2655 600 2714 dext
588 2662 633 2713 ter
655 2654 735 2714 stetit
758 2646 814 2714 et‘
817 2647 899 2714 tcave
921 2655 994 2716 laxis

151 2737 189 2798 le
212 2740 370 2836 quicquam
393 2739 557 2818 indignum.
595 2729 711 2799 Pudor''
737 2738 834 2818 inquit
851 2732 905 2798 “te
928 2740 1020 2800 malus
1044 2740 1135 2820 angit,

152 2822 274 2885 insanos
297 2825 348 2902 qui
369 2825 447 2884 inter
470 2843 587 2885 vereare
609 2825 731 2886 insanus
753 2823 865 2885 haberi.
1108 2835 1137 2885 40

152 2908 280 2971 Primum
304 2928 371 2969 nam
395 2909 550 2988 inquiram,
575 2911 644 2989 quid
667 2911 704 2970 sit
725 2911 840 2983 furere;
863 2910 964 2970 hoc
941 2929 966 2971 st
989 2911 1045 2970 erit
1059 2911 1136 2972 inte

153 2993 229 3068 Solo,
254 2995 297 3055 nil
318 2995 409 3069 verbi,
432 3013 536 3073 pereas
559 2996 629 3072 quin
654 2995 778 3067 fortiter,
802 2996 914 3055 addam.

153 3079 243 3150 Quem
266 3080 342 3140 mala
364 3080 485 3140 stultitia
509 3090 538 3140 et
560 3097 775 3157 quamcumque
799 3080 913 3140 inscitia
936 3080 997 3138 veri

153 3163 276 3226 Caecum
299 3165 366 3244 agit,
390 3166 527 3225 insanum
551 3164 705 3244 Chrysippi
729 3166 861 3243 porticus
883 3173 912 3225 et
933 3183 1004 3241 grex

152 3250 306 3323 dutumat3
329 3251 401 3311 haec
423 3251 559 3330 populos,
582 3250 655 3310 haec
678 3267 800 3329 magnos
824 3251 947 3329 formula
970 3269 1066 3330 reges,
1109 3261 1137 3311 45

153 3335 281 3415 Excepto
305 3336 446 3414 sapiente,
469 3345 558 3396 tenet.
583 3334 732 3395 —Nunc
755 3335 864 3415 accipe,
888 3353 979 3413 quare

153 3420 302 3500 desipiant
325 3439 428 3482 omnes
450 3440 543 3501 aeque
566 3430 663 3493 actu,
687 3421 736 3498 qui
760 3421 812 3480 tihi
836 3439 945 3480 nomen

155 3504 260 3568 lnsano
283 3525 422 3586 posuere:
444 3506 633 3578 volutabris,
656 3503 707 3565 ubi
730 3506 839 3585 passim

154 3590 279 3653 Palantis
303 3609 388 3652 error
409 3602 490 3652 certo
514 3592 549 3651 de
571 3591 686 3652 tramite
708 3591 799 3670 pellit,

97 3712 266 3736 go-

155 3823 181 3876 lll
199 3843 223 3879 o.
244 3829 276 3879 12
295 3825 403 3892 Eupolin
424 3826 576 3878 Archilocho
594 3829 630 3890 (u)
652 3825 737 3876 Beotl.
765 3825 769 3888 l
797 3826 898 3877 27-30
916 3823 993 3890 Atqui
1008 3851 1039 3859 -—
1052 3826 1136 3887 urget]

97 3879 231 4028 ggztpgaeppo
257 3896 382 3946 tribuunt
398 3895 432 3946 ul.
460 3897 464 3958 Ι
493 3896 525 3948 29
544 3896 677 3960 capitisve]
701 3894 748 3958 (n):
774 3893 916 3959 capitisque
942 3894 947 3957 Ι
974 3894 1005 3946 33
1023 3905 1113 3942 uerum
1134 3893 1138 3958 l
