2474 4440
111 234 172 292 194
496 235 724 288 EPISTULARUM
742 236 752 288 l
771 241 794 289 7.

193 405 253 467 lam
276 408 396 486 grandis
419 416 488 468 natu
512 407 656 486 queritur,
679 407 841 487 conspexit,
864 415 897 466 ut
918 407 1012 482 aiunt,

107 502 137 551 ot)
194 492 337 553 Adrasum
360 493 508 571 quendam
532 511 621 553 vacua
644 492 774 554 tonsoris
794 493 824 553 in
849 492 954 553 umbra

198 576 322 638 Cultello
344 578 482 656 proprios
504 585 680 657 purgantem
703 577 811 638 leniter
832 578 949 655 unguis.

191 656 353 737 ‘demetri'
377 696 390 707 -
413 682 489 741 puer
510 663 558 723 hie
581 682 642 724 non
665 663 746 723 laeve
767 662 844 723 iussa
867 662 996 742 Philippi

194 747 364 826 decipiebat
385 781 399 792 -
418 743 488 826 ‘alri,
511 766 620 828 quaere
642 757 671 809 et
692 749 779 820 reler,
802 747 881 809 unde
903 748 1002 821 domo,
1027 750 1102 828 quis,

194 831 285 893 Cuius
307 834 453 907 fortunae,
478 852 536 912 quo
559 834 596 894 sit
618 841 703 911 patre
725 851 820 911 quove
842 828 988 911 patrono?

194 917 228 985 lt,
251 917 327 979 redit
349 926 379 978 et
401 928 509 991 narrat,
532 918 678 979 Volteium
701 918 822 978 nomine
844 918 971 992 Menam,

197 1003 385 1076 Praeconem,
410 1004 493 1064 tenui
516 1023 617 1077 censu,
641 1003 705 1064 sine
729 1003 862 1075 erimine,
887 1012 992 1064 notum

195 1086 231 1147 Et
252 1106 414 1169 properare
437 1089 503 1150 loco
527 1099 556 1149 et
577 1107 693 1149 cessare
716 1098 744 1149 et
767 1106 909 1166 quaerere
933 1089 1038 1161 etuti,

193 1172 377 1234 Gaudentem
399 1174 556 1252 parvisque
578 1173 727 1235 sodalibus
750 1173 861 1234 ellare
885 1182 966 1234 nerto

194 1257 232 1318 Et
254 1258 331 1320 ludis
353 1268 472 1337 etpost
494 1259 591 1321 decisa
614 1260 732 1338 negotia
756 1276 870 1337 campo.

192 1335 313 1403 ‘Scitari
335 1343 407 1404 libet
429 1363 464 1404 er
485 1345 550 1424 ipso
574 1344 782 1423 quodcumque
805 1345 913 1419 relers;
936 1343 994 1418 dic,

174 1427 238 1497 ¹ild
261 1446 364 1489 cenam
387 1430 494 1490 veniat.
550 1430 616 1490 Non
640 1446 710 1491 sane
733 1428 854 1489 credere
876 1428 973 1501 llena,

193 1513 292 1573 Mirari
315 1532 415 1575 seeum
437 1516 552 1576 tacitus.
598 1515 673 1586 Quid
697 1511 810 1574 multa?
852 1503 1008 1592 ‘Benigne'

193 1597 373 1677 Respondet.
414 1592 521 1679 ‘Neget
542 1600 590 1660 ille
612 1589 719 1660 mihit'
756 1592 863 1678 ‘Negat
883 1598 1038 1678 improbus
1061 1605 1139 1660 otte

193 1683 328 1762 Neglegit
350 1693 399 1745 aut
420 1674 539 1746 horret.³
557 1718 599 1730 -
622 1684 767 1745 Volteium
790 1702 877 1744 mane
899 1684 1053 1762 Philippus

196 1767 267 1829 Vilia
289 1769 466 1830 vendentem
489 1769 621 1831 tunicato
644 1778 742 1831 scruta
765 1769 884 1849 popello

194 1854 327 1934 Occupat
348 1863 378 1916 et
399 1855 510 1916 salvere
533 1855 615 1916 iubet
636 1856 736 1934 prior;
759 1855 808 1915 ille
830 1853 966 1933 Philippo

192 1938 341 2000 Excusare
364 1939 495 2000 laborem
518 1949 547 2001 et
568 1940 771 2001 mercennaria
794 1939 897 2011 vinela,

192 2024 278 2094 Quod
301 2044 362 2084 non
385 2044 472 2085 mane
495 2026 614 2086 domum
638 2026 774 2096 venisset,
797 2024 925 2102 denique
948 2024 1029 2101 quod
1052 2041 1108 2084 non

193 2109 370 2170 Providisset
393 2128 471 2170 eum.
512 2103 576 2172 ‘Sic
598 2111 745 2190 ignovisse
766 2117 870 2188 putato

192 2193 239 2254 llle
261 2193 323 2267 tibi,
346 2195 371 2255 si
394 2213 483 2257 cenas
505 2196 592 2257 hodie
614 2185 748 2256 mecum?
792 2187 844 2254 ‘Ut
865 2182 953 2253 libet?
990 2183 1084 2271 ‘Ergo

193 2279 265 2339 Post
286 2297 397 2340 nonam
420 2281 520 2341 venies
528 2298 536 2354 ;
561 2300 642 2342 nunc
664 2281 683 2353 i,
706 2298 769 2339 rem
792 2289 932 2340 strenuus
954 2268 1047 2356 auge.³

192 2364 230 2425 Ut
252 2373 370 2425 ventum
394 2365 429 2425 ad
453 2384 556 2427 cenam
580 2375 633 2438 est,
656 2365 781 2426 dicenda
802 2362 927 2425 tacenda
948 2363 1066 2424 loeutus

192 2449 323 2510 Tandem
346 2449 506 2512 dormitum
529 2451 693 2511 dimittitur.
716 2486 758 2498 -
781 2449 836 2510 Hie
859 2447 909 2508 uhi
931 2466 1020 2526 saepe

192 2534 348 2596 Occultum
372 2536 451 2597 visus
473 2537 631 2597 decurrere
653 2536 742 2615 piscis
764 2536 799 2595 ad
823 2535 951 2603 hamum,

192 2620 277 2681 Mane
300 2620 392 2681 cliens
415 2632 445 2681 et
466 2622 522 2681 ianr
546 2632 645 2682 certus
668 2621 796 2693 conviva,
820 2618 939 2680 iubetur

191 2707 271 2768 Rura
293 2705 462 2766 suburbana
486 2706 605 2767 indictis
627 2724 727 2767 comes
749 2705 792 2766 ire
815 2703 948 2765 Latinis.1

192 2791 349 2870 lmpositus
370 2791 489 2851 mannis
511 2810 611 2852 arvum
634 2791 807 2869 caelumque
830 2788 974 2849 Sabinum

190 2877 255 2937 Non
280 2883 374 2937 cessat
395 2876 529 2952 laudare;
552 2877 630 2937 videt
651 2876 786 2953 ridetque
809 2874 972 2952 Philippus,

188 2962 227 3022 Et
250 2959 305 3022 sibi
328 2961 398 3022 dum
421 2961 563 3040 requiem,
586 2962 655 3022 dum
679 2961 756 3021 risus
779 2959 911 3038 undique
933 2955 1057 3037 quaerit,

189 3048 266 3108 Dum
289 3055 402 3125 septem
426 3045 516 3106 donat
538 3046 680 3119 sestertia,
704 3055 805 3105 mutua
828 3052 940 3124 septem

187 3131 344 3204 Promittit‚
366 3133 533 3210 persuadet,
556 3131 599 3192 uti
621 3139 772 3191 mercetur
792 3130 928 3209 agellum.

188 3218 346 3280 Mereatur.
390 3218 433 3277 Ne
456 3227 485 3277 te
507 3217 604 3296 longis
626 3216 798 3295 amhagibus
820 3215 896 3275 ultra

190 3302 285 3374 Quam
308 3301 377 3362 satis
399 3311 443 3363 est
464 3320 572 3376 morer,
596 3321 632 3363 ex
655 3302 747 3363 nitido
770 3301 803 3360 dt
825 3299 953 3361 rusticus
974 3303 1061 3373 atque

190 3387 295 3448 Sulcos
317 3394 346 3446 et
368 3386 464 3447 vineta
487 3397 587 3466 erepat
609 3405 699 3460 mera,
720 3393 877 3465 praeparat
898 3382 1003 3455 ulmos,

102 3483 131 3535 85
190 3472 351 3533 lnmoritur
373 3472 477 3532 studiis
500 3483 529 3532 et
551 3490 650 3534 amore
673 3471 801 3532 senescit
822 3468 960 3529 habendi.

194 3725 236 3777 Vll
255 3741 277 3775 u.
297 3725 328 3776 51
347 3722 451 3789 proprio
469 3725 503 3787 (o)
519 3723 524 3788 l
539 3725 695 3774 resecantem
713 3722 749 3786 (u)
769 3719 773 3789 Ι
795 3722 827 3773 56
846 3718 950 3770 crimine
968 3721 1054 3769 notum
1071 3712 1098 3764 ol
1112 3708 1143 3760 ui·

105 3795 173 3847 mine
193 3798 281 3846 natum
300 3794 335 3855 (o)
360 3792 363 3857 Ι
389 3793 421 3842 58
439 3797 511 3842 curto
530 3792 564 3855 (o)
587 3789 593 3860 Ι
617 3792 649 3842 62
666 3785 743 3849 ‘Quid
761 3789 859 3840 multat
877 3781 1004 3851 benigne?
1021 3781 1069 3836 All
1080 3771 1143 3838 alul

155 3865 361 3928 negat..negat
385 3859 389 3925 Ι
415 3861 447 3911 73
464 3857 518 3921 llic]
542 3860 630 3923 cmlv)
656 3857 714 3909 hinc
740 3861 766 3907 et
787 3857 836 3909 huc
858 3861 883 3906 et
906 3862 945 3906 est
969 3859 995 3905 et
1012 3856 1050 3904 ast
1065 3853 1142 3907 etefll

109 3933 136 3995 u)
152 3930 210 3992 sere
227 3931 270 3980 vel
283 3930 367 3995 pauci
383 3928 426 3978 uel
441 3927 545 3992 singuli
