2474 4440
38 308 40 313 ι
107 235 147 294 96
362 220 372 231 “
468 241 640 294 memnon
658 242 692 294 1v
712 246 752 296 13.
773 247 813 296 14.

176 425 190 472 5
233 412 272 473 Et
294 424 381 473 cantu
405 414 530 474 tremulo
552 425 622 493 pota
646 415 819 495 Cupidinem

235 497 364 558 Lentum
385 499 536 560 sollicitas:
560 499 608 559 ille
629 500 751 561 virentis
773 512 803 561 et

280 581 389 643 Doctae
413 583 536 661 psallere
559 583 645 644 Chiae

331 668 465 729 Pulchris
488 669 611 728 excubat
635 669 665 728 in
688 669 787 748 genis;

235 786 428 865 lmportunus
451 786 529 845 enim
551 787 713 848 transvolat
735 788 829 849 aridas

165 882 193 932 tu
237 870 371 940 Quercus
393 881 422 930 et
443 870 551 948 refugit
573 882 610 944 te,
634 873 702 949 quia
723 872 810 933 luridi

281 955 390 1015 Dentes
413 965 450 1028 te,
474 955 541 1032 quia
564 973 654 1034 rugae

333 1040 468 1118 Turpant
490 1049 519 1099 et
541 1041 644 1118 capitis
667 1040 757 1102 nives.

234 1157 295 1218 Nec
318 1159 393 1218 Coae
416 1160 550 1218 relerunt
577 1158 633 1218 iam
656 1159 709 1218 tibi
731 1176 881 1238 purpurae

233 1242 293 1303 Nec
316 1244 376 1303 cari
399 1243 509 1322 lapides
531 1253 673 1321 tempora,
697 1263 772 1323 quae
794 1244 884 1305 semel

166 1340 195 1388 15
280 1328 363 1389 Notis
386 1327 503 1388 condita
525 1328 606 1388 lastis

332 1412 455 1472 inclusit
476 1412 604 1473 volucris
626 1413 696 1474 dics.

236 1531 301 1601 Quo
324 1532 399 1611 sugit
420 1531 530 1604 Venus,
553 1531 621 1603 beu,
645 1549 739 1608 quove
762 1528 866 1591 color?
888 1530 998 1591 decens

236 1615 301 1685 Quo
325 1614 447 1677 motus‘l
470 1616 539 1693 quid
562 1615 654 1677 babes
676 1615 765 1690 illius,
788 1614 874 1689 illius,

283 1700 364 1770 Quae
386 1701 517 1780 spirabat
538 1719 662 1775 amores,

164 1797 192 1846 uo
333 1786 415 1855 Quae
438 1805 485 1845 me
507 1794 664 1865 surpuerat
685 1784 767 1857 nini,

236 1903 317 1964 Felix
339 1915 406 1983 post
429 1903 572 1974 Cinaram,
596 1912 724 1982 notaque
747 1913 777 1962 et
798 1902 904 1962 artium

237 1988 390 2049 Gratarum
413 1985 525 2049 iacies?
549 2023 589 2032 -
612 1987 670 2048 Sed
694 1988 816 2048 Cinarae
838 1987 935 2047 brevis

282 2078 384 2134 Annos
406 2075 463 2134 sata
487 2073 641 2146 dederunt,

333 2159 488 2219 Servatura
511 2157 560 2217 diu
583 2175 685 2235 parem

164 2288 192 2337 25
236 2278 368 2341 Cornicis
391 2277 503 2336 vetulae
524 2275 709 2354 temporibus
730 2275 839 2354 Lycen,

235 2364 361 2424 Possent
383 2372 415 2421 ut
437 2362 557 2421 iuvenes
579 2362 673 2420 visere
695 2359 799 2421 fervidi

280 2447 372 2508 lllulto
396 2466 457 2506 non
481 2447 545 2507 sine
568 2445 629 2506 risu

333 2532 478 2609 Dilapsam
501 2532 532 2590 in
555 2530 672 2590 cineres
694 2530 798 2589 lacem.

614 2782 678 2842 lllV

235 2902 315 2972 Quae
337 2921 408 2963 cura
430 2913 548 2981 patrum
571 2919 682 2979 quaeve
705 2898 864 2971 Quiritium

236 2987 334 3048 Plenis
356 2988 504 3048 honorum
527 2985 700 3046 muneribus
722 2996 795 3060 tuas,

284 3075 424 3150 Auguste,
446 3072 568 3131 virtutes
591 3070 620 3130 in
644 3088 746 3130 aevum

333 3158 389 3217 Per
411 3157 513 3217 titulos
535 3174 741 3232 memoresque
763 3157 855 3215 fastus

182 3285 197 3332 5
240 3277 388 3347 Actorum,
412 3294 429 3334 o
455 3293 511 3351 qua
533 3275 577 3333 sol
599 3272 767 3334 habitabilis

238 3358 379 3419 inlustrat
401 3377 476 3430 oras,
500 3359 625 3418 maxime
649 3358 829 3437 principum,

285 3443 379 3513 Quem
403 3442 476 3519 legis
498 3455 635 3520 expertes
660 3443 779 3502 Latinae

333 3527 476 3587 Vindelici
499 3527 626 3588 didicere
652 3545 758 3606 nuper,

111 3679 311 3687 ————

193 3777 246 3828 lllll
265 3796 288 3831 v.
309 3783 340 3830 14
359 3777 419 3829 clari
435 3779 439 3839 Ι
456 3782 487 3832 26
506 3781 606 3845 possint
622 3779 625 3845 l
643 3781 674 3830 ‘28
695 3778 824 3842 delapsam

109 3917 123 3963 5
142 3844 250 3978 luxllll
268 3863 291 3896 o.
310 3852 327 3899 4
344 3846 436 3913 fastus]
457 3845 492 3908 cs.
511 3847 541 3897 lll
563 3850 600 3911 17,
620 3851 648 3898 4:
674 3846 755 3898 lastos
773 3845 866 3909 (fasces
883 3842 979 3906 Porplr.
1000 3843 1060 3894 cod.
1081 3845 1109 3895 Ill
