2474 4440
128 220 192 282 2⁰2
506 227 736 280 erumnam
753 229 764 281 l
783 235 823 285 ts.

214 403 309 463 llaior
330 409 429 462 utrum
450 400 594 479 populum
618 401 759 462 frumenti
781 403 865 480 copia
888 413 1004 480 pascat;

128 496 157 546 ta
212 487 398 550 Codcctosne
420 485 524 545 bibant
544 487 647 546 imbris
668 496 814 566 puteosne
835 489 978 566 perennis
995 515 996 518 ¹

214 573 294 652 lugia
315 589 408 650 aquae
430 604 444 614 -
467 588 535 630 narn
557 572 624 630 vina
647 573 720 632 nihil
742 590 844 632 moror
864 572 942 633 illius
963 592 1045 634 orae.

213 657 294 719 llure
316 675 383 716 meo
404 673 525 736 possum
548 656 662 734 quidvis
683 658 817 736 perterre
839 659 974 736 patique:

214 743 259 803 Ad
281 760 361 802 mare
383 760 451 802 cum
474 741 551 811 reni,
573 759 752 819 generosum
775 753 805 802 et
826 742 894 802 lene
915 743 1049 820 requiro,

214 829 299 900 Quod
322 844 409 887 curas
429 825 537 903 abigat,
559 827 638 904 quod
660 845 729 887 cum
751 845 805 906 spe
827 828 915 888 divite
937 840 1039 888 manet

127 922 157 973 π)
213 913 247 973 ln
270 931 361 974 venas
382 912 574 989 animumque
596 930 705 983 meum,
727 911 807 989 quod
829 911 918 972 verba
940 914 1099 987 ministret,

213 999 301 1070 Quod
323 1016 370 1058 me
391 996 529 1057 Lucanae
549 997 686 1056 iuvenem
708 998 896 1058 commendet
916 999 1029 1058 amicae
1050 1017 1081 1072 ·;

213 1083 339 1145 Tractus
359 1091 426 1142 uter
448 1083 542 1162 pluris
563 1081 690 1161 lepores,
712 1091 779 1142 uter
800 1083 906 1143 educm
927 1101 1033 1162 apros;

214 1168 285 1230 Utra
306 1168 400 1247 magis
420 1167 510 1247 piscis
531 1176 562 1228 et
583 1167 706 1227 echinos
727 1185 856 1245 aequora
877 1167 986 1239 celent,

213 1254 336 1335 Pinguis
357 1263 392 1314 ut
412 1253 482 1314 inde
503 1253 624 1313 domum
645 1252 757 1332 possim
780 1253 954 1332 Phaeaxque
975 1255 1093 1328 reverti,

127 1348 156 1398 25
213 1339 350 1400 Scribere
372 1349 401 1399 te
424 1337 522 1411 nobis,
544 1338 596 1398 tibi
619 1357 674 1398 nos
696 1337 854 1398 adcredere
876 1357 930 1417 par
951 1348 1006 1400 est.
1030 1373 1072 1383 -

215 1424 358 1498 Maenius,
381 1433 415 1485 ut
435 1424 525 1484 rebus
547 1423 688 1484 maternis
710 1432 800 1502 atque
821 1425 953 1502 paternis

214 1509 342 1570 Fortiter
363 1509 527 1589 absumptis
549 1509 682 1569 urbanus
703 1509 803 1588 coepit
824 1509 925 1570 haberi

213 1595 332 1669 Scurra,
353 1614 444 1674 vagus
467 1614 527 1654 non
551 1594 602 1673 qui
625 1604 738 1655 certum
760 1613 903 1673 praesepe
923 1603 1051 1665 teneret,

212 1680 385 1759 lmpransus
406 1699 467 1741 non
491 1680 542 1759 qui
564 1680 656 1740 civem
680 1680 848 1740 dinosceret
869 1679 964 1749 hoste,

211 1765 367 1836 Quaelibet
388 1766 419 1826 in
443 1765 576 1843 quemvis
597 1765 758 1844 opprobria
780 1765 893 1843 lingere
914 1781 1029 1834 saevus,

213 1851 366 1912 Pernicies
387 1861 417 1911 et
437 1860 596 1929 tempestas
618 1850 848 1927 barathrumque
869 1848 995 1921 macelli,

211 1936 360 2014 Quidquid
383 1937 550 2014 quaesierat
569 1935 665 1996 ventri
687 1934 814 1996 donabat
835 1953 931 1996 avaro.

213 2021 276 2094 llic,
297 2021 350 2082 ubi
372 2021 521 2099 nequitiae
543 2021 707 2082 fautoribus
729 2029 759 2081 et
779 2021 887 2081 timidis
910 2021 952 2080 nil

212 2107 271 2166 but
292 2107 422 2186 paullum
445 2106 613 2179 abstulerat,
636 2107 749 2185 patinas
771 2106 897 2167 cenabat
919 2106 1010 2166 omasi

212 2191 282 2251 Vilis
304 2201 333 2251 et
354 2191 490 2270 agninae,
513 2191 608 2252 tribus
630 2191 707 2252 ursis
729 2192 808 2270 quod
829 2193 900 2252 satis
922 2201 1016 2264 esset;

210 2275 328 2336 Scilicet
350 2285 383 2335 ut
406 2285 522 2336 ventres
545 2276 641 2336 lamna
664 2275 810 2336 candente
833 2286 976 2356 nepotum

211 2361 327 2422 {liceret
348 2361 479 2422 urendos
501 2371 654 2422 correctus
676 2360 802 2422 Bestius.
847 2362 936 2436 idem,

210 2446 361 2524 Quidquid
383 2457 446 2507 erat
468 2457 573 2508 nactus
594 2446 719 2526 praedae
741 2447 868 2521 maioris,
892 2446 942 2508 ubi
964 2464 1056 2506 omne

209 2531 342 2592 Verterat
363 2531 394 2593 in
418 2533 531 2593 sumum
555 2540 585 2592 et
606 2531 747 2604 cinerem,
767 2525 842 2591 ‘non
867 2531 987 2593 hercule
1009 2528 1129 2608 miror‚'

208 2616 321 2691 aiebat,
340 2610 431 2696 ‘siqui
454 2617 614 2678 comedunt
635 2615 724 2690 bona,
747 2635 816 2677 cum
838 2617 876 2677 sit
898 2615 989 2679 chesn

209 2701 255 2762 Nil
277 2702 382 2763 melius
403 2703 500 2776 turdo,
525 2703 566 2763 nil
586 2703 667 2763 volva
689 2702 843 2781 pulchrius
865 2691 978 2781 ampla?

209 2786 354 2848 Nimirum
376 2788 425 2848 hic
448 2805 502 2866 ego
525 2807 600 2849 sum.
643 2786 715 2848 Nam
739 2797 801 2848 tuta
823 2795 853 2847 et
873 2788 992 2867 parvola
1014 2787 1119 2865 laudo,

210 2869 283 2931 Cum
305 2890 353 2933 res
375 2872 524 2946 deficiunt,
547 2874 617 2934 satis
639 2872 716 2933 inter
737 2872 803 2933 vilia
826 2873 927 2948 lortis3

210 2955 317 3016 Verum
340 2957 391 3018 ubi
414 2958 483 3037 quid
507 2959 611 3019 melius
633 2957 781 3036 contingit
803 2967 832 3017 et
853 2958 982 3032 unctius,
1004 2957 1086 3020 idem

209 3039 267 3102 Vos
288 3059 392 3121 sapere
415 3052 446 3104 et
466 3044 545 3105 solos
566 3044 612 3104 aio
634 3043 712 3103 bene
734 3042 839 3117 vivere,
863 3061 990 3121 quorum

210 3124 397 3206 Conspicitur
419 3129 517 3191 nitidis
539 3128 659 3190 lundata
681 3128 808 3206 pecunia
832 3128 915 3189 villis.

208 3375 254 3427 XV
265 3393 289 3429 u.
305 3379 336 3429 16
348 3376 430 3430 dulcis
446 3379 449 3445 Ι
467 3382 496 3432 tt
510 3379 618 3446 quodvis
636 3378 669 3431 Ν.
683 3379 806 3430 Huncine
820 3379 924 3432 Obaero.
937 3378 967 3431 lll
981 3383 1013 3434 13
1029 3397 1057 3447 p.
1071 3385 1124 3436 493
1134 3399 1156 3446 aa

122 3448 153 3499 27
167 3462 205 3511 aq.
224 3446 340 3497 distiuci
357 3462 417 3497 ctam
434 3447 493 3508 ΑΚς
512 3449 599 3500 haberi
618 3463 702 3500 scurra
721 3462 810 3514 vagus,
829 3452 856 3498 et
873 3447 970 3512 haberi,
988 3463 1085 3513 scurra,
1107 3465 1156 3516 vag

121 3519 147 3564 at
165 3514 251 3566 haberi
271 3529 369 3578 scurra,
387 3530 483 3580 vagus,
506 3522 532 3566 at
549 3516 650 3578 haberi,
674 3531 760 3568 scurra
782 3530 876 3581 vagus,
903 3517 937 3569 ul.
964 3515 970 3582 Ι
998 3519 1031 3570 32
1051 3517 1155 3570 donara

120 3583 163 3698 ἓξ
176 3582 352 3701 Bledonpret
370 3582 457 3636 Bentl.
473 3586 477 3651 Ι
493 3586 525 3636 35
544 3585 629 3650 agnini
645 3586 649 3651 Ι
669 3586 700 3636 37
720 3589 853 3649 correptus
871 3601 887 3634 u
906 3590 1034 3636 corrector
1051 3587 1097 3649 (o),
1116 3585 1156 3638 Le

136 3653 206 3712 inne,
248 3656 310 3703 eut.
