2520 4434
451 259 624 312 canuNUlu
641 262 652 314 l
670 264 712 315 35.

176 433 219 493 Te
235 433 331 493 Dacus
345 450 440 512 asper,
456 441 485 493 te
500 434 620 512 profugi
636 434 759 514 Scythae

177 517 332 596 Urbesque
348 526 511 596 gentesque
528 526 557 577 et
572 518 687 578 Latium
703 519 787 580 ferox

222 601 396 682 Regumque
411 612 519 663 matres
534 601 726 663 barbarorum
743 615 772 665 et

274 686 419 766 Purpurei
434 695 572 749 metuunt
588 687 715 768 tyranni,

177 821 324 884 Iniurioso
339 841 377 883 ne
393 821 468 901 pede
484 840 608 901 proruas

178 907 311 967 Stantem
326 906 495 968 columnam
510 925 570 966 neu
585 907 714 986 populus
729 909 874 986 frequens

225 992 267 1051 Ad
283 1004 360 1051 arma
376 991 527 1063 cessantis,
544 991 580 1051 ad
596 1009 676 1051 arma

276 1076 411 1136 Concitet
426 1076 641 1155 imperiumque
657 1078 787 1155 frangat;

178 1211 221 1273 Te
237 1229 354 1290 semper
368 1211 460 1271 anteit
475 1229 559 1271 saeva
574 1210 747 1284 Necessitas,

177 1295 279 1357 Claros
293 1295 412 1356 trabalis
426 1305 456 1355 et
471 1313 584 1356 cuneos
598 1313 688 1355 manu

223 1380 346 1441 Gestans
361 1399 433 1441 aena
449 1398 505 1440 nec
520 1397 639 1441 severus

272 1464 374 1527 Uncus
389 1466 472 1526 abest
486 1465 690 1544 liquidumque
706 1465 870 1544 plumbum,

177 1599 219 1661 Tc
235 1601 309 1680 Spes
324 1610 353 1661 et
368 1601 434 1661 albo
450 1618 516 1660 rara
531 1599 618 1660 Fides
633 1601 702 1661 colit

176 1685 275 1746 Velata
292 1704 393 1766 panno
409 1704 466 1745 nec
481 1685 620 1745 comitem
635 1685 770 1761 abnegat,

223 1770 389 1848 Utcumque
403 1779 514 1830 mutata
530 1769 659 1847 potentis

270 1855 362 1916 ¹Veste
378 1854 481 1914 domos
497 1853 616 1914 inimica
631 1853 751 1932 linquis,

178 1991 216 2050 At
229 1990 332 2068 volgus
345 1989 468 2050 infidum
485 2000 515 2050 et
529 1991 668 2050 meretrix
683 1997 763 2050 retro

176 2074 297 2134 Periura
314 2074 400 2148 cedit,
417 2074 576 2152 diffugiunt
591 2075 670 2135 cadis

224 2158 295 2219 Cum
312 2161 393 2220 faece
408 2159 523 2220 siccatis
539 2159 633 2231 amici,

273 2244 363 2304 Ferre
379 2244 479 2322 iugum
495 2244 606 2322 pariter
621 2244 730 2304 dolosi:

176 2379 280 2440 Servos
294 2378 405 2439 iturum
421 2378 574 2439 Caesarem
590 2379 619 2438 in
638 2379 755 2439 ultimos

177 2463 265 2524 Orbis
280 2462 437 2524 Britannos
453 2473 482 2523 et
496 2464 634 2524 iuvenum
651 2481 757 2524 recens
777 2461 779 2466 ’

223 2547 364 2621 Examen,
380 2548 451 2609 Eois
466 2548 629 2608 timendum

275 2632 411 2693 Partibus
427 2633 608 2710 Oceanoque
624 2633 725 2693 rubro.

177 2765 253 2840 Heu,
268 2768 326 2826 heu
343 2767 513 2828 cicatricum
530 2777 559 2827 et
573 2768 692 2829 sceleris
708 2768 799 2846 pudet

175 2850 387 2930 Fratrumquel
405 2851 474 2929 quid
492 2871 547 2912 nos
563 2852 635 2912 dura
652 2853 814 2929 refugimus

224 2934 334 2997 Aetas?
350 2937 419 3015 quid
436 2937 580 2997 intactum
596 2938 698 2997 nefasti

273 3019 447 3100 liquimus?
464 3021 543 3081 unde
560 3040 678 3082 manum
694 3022 831 3081 iuventus

177 3153 258 3214 Metu
274 3155 396 3217 deorum
412 3155 582 3217 continuit?
599 3156 705 3233 quibus

175 3238 312 3318 Peperoit
327 3240 407 3302 aris?
424 3241 448 3301 Ο
465 3242 576 3300 utinam
595 3260 669 3300 nova

223 3323 335 3385 lncudc
351 3326 487 3403 diffingas
502 3336 634 3386 retusum
651 3326 681 3386 in

272 3410 448 3488 Massagetas
464 3410 632 3489 Arabasque
648 3411 776 3471 ferruml
1051 3418 1079 3467 40

65 3543 251 3553 p—

128 3656 224 3708 xxxv
242 3673 265 3709 o.
285 3662 316 3710 l'l
335 3674 407 3710 serua
429 3660 433 3724 Ι
455 3661 487 3710 22
511 3660 624 3723 abnegas
645 3660 828 3710 Doederleinia'
852 3658 962 3708 auditor
985 3659 1019 3721 (a.
1047 3658 1122 3720 1830)

79 3724 291 3859 egpgnlgeacpepvp.
310 3725 442 3788 Aufrdtzo
459 3726 478 3776 ll
497 3729 610 3791 2lbaqq.
626 3725 631 3795 l
648 3731 679 3779 33
698 3727 747 3777 beu
765 3743 780 3775 o
800 3726 864 3776 eben
881 3727 917 3790 (a)
933 3726 937 3793 Ι
953 3728 985 3777 39
1004 3722 1123 3774 diffindas
