2474 4440
427 242 556 295 EPOdON
575 249 599 299 9.
619 248 658 298 10.

135 414 239 493 Neque
261 413 390 474 Africani
414 415 462 474 cui
483 434 574 495 super
596 417 800 499 Carthaginem

183 499 281 559 Virtus
304 499 472 577 sepulcrum
496 501 636 562 condidit.

137 583 229 644 Terra
252 583 386 662 marique
408 584 502 645 rictus
524 586 616 648 hostis
639 591 749 667 punico

183 667 324 746 Lugubre
346 670 468 729 mutavit
489 688 602 748 sagum,

136 753 197 814 Aut
218 753 266 813 ille
289 761 408 813 centum
432 753 561 815 nobilem
586 757 700 818 Cretam
724 758 857 835 urbibus,

182 837 284 898 Ventis
306 837 402 899 iturus
426 858 486 899 non
510 840 581 913 suis,

136 922 320 983 Exercitatas
342 933 393 983 aut
414 924 489 1002 petit
511 924 604 1004 Syrtis
626 925 703 985 Noto

181 1008 238 1070 dut
260 1009 356 1067 fertur
377 1008 492 1069 incerto
515 1010 596 1069 mari.
622 1046 663 1055 -

136 1092 310 1172 Capacicres
332 1091 416 1152 adfer
438 1093 505 1166 huc,
529 1113 613 1173 puer,
637 1096 765 1174 scyphos

181 1177 219 1238 Et
240 1177 309 1238 Chia
332 1177 398 1238 vina
423 1187 474 1239 aut
495 1177 601 1239 Lesbia

135 1262 199 1334 Vel,
222 1262 301 1339 quod
323 1262 464 1322 fluentem
490 1282 629 1324 nauseam
652 1274 798 1339 coerceat,

184 1347 285 1420 Metire
309 1345 395 1408 nobis
419 1347 601 1409 Caecubum:

137 1430 243 1491 Curam
266 1440 438 1510 metumque
462 1433 591 1495 Caesaris
614 1452 713 1494 rerum
736 1435 814 1495 iurat

179 1516 262 1576 Dulci
284 1517 381 1596 Lyaeo
404 1517 525 1578 solvere.

533 1770 559 1829 X

139 1887 213 1948 Mala
235 1888 329 1949 soluta
355 1888 436 1949 navis
459 1889 518 1949 exit
539 1889 616 1962 alite,

182 1972 295 2034 Fercns
317 1972 446 2033 olentem
470 1973 614 2047 Mevium;

135 2056 175 2118 Ut
195 2057 323 2119 horridis
344 2066 505 2136 utrumque
528 2058 666 2120 verberes
688 2059 763 2120 latus

178 2144 293 2216 Auster,
317 2152 475 2214 memento,
498 2144 649 2205 fluctibus:

134 2227 225 2306 Niger
246 2227 381 2288 rudentis
403 2228 500 2289 Eurus
523 2228 639 2290 inverso
663 2229 736 2289 mari

179 2312 359 2392 Fractusque
381 2330 480 2374 remos
502 2312 627 2386 differat,

132 2396 271 2474 insurgat
292 2397 408 2476 Aquilo,
432 2406 560 2476 quantus
583 2399 648 2460 altis
672 2397 822 2459 montibus

174 2482 297 2561 Frangit
318 2484 472 2544 trementis
494 2483 585 2555 ilices,

131 2568 192 2628 Nec
214 2567 295 2628 sidus
316 2576 378 2628 atra
402 2578 489 2627 nocte
512 2569 637 2628 amicum
661 2569 806 2646 adpareat

175 2652 239 2722 Qua
261 2653 354 2713 tristis
378 2651 470 2712 Orion
495 2654 581 2725 cadit,

134 2736 287 2807 Quieticre
310 2755 366 2797 nec
389 2738 500 2797 feratur
523 2756 651 2814 aequore

177 2820 271 2891 Quam
294 2821 378 2882 Graia
402 2822 544 2883 victorum
570 2840 683 2892 manus,

132 2906 204 2967 Cum
228 2907 322 2967 Pallas
344 2915 411 2967 usto
434 2907 522 2967 vertit
543 2908 615 2968 iram
640 2906 675 2966 ab
699 2905 751 2965 llio

178 2990 212 3050 ln
236 2991 353 3070 impiam
377 2992 472 3052 Aiacis
494 3001 596 3052 ratem.
620 3027 662 3037 -

133 3073 157 3135 0
182 3087 310 3153 quantus
332 3076 422 3136 instat
444 3077 547 3138 navitis
570 3078 662 3138 sudor
683 3075 741 3136 tuis

175 3159 302 3239 Tihique
324 3161 419 3240 pallor
440 3162 537 3222 luteus

132 3244 170 3304 Et
192 3244 239 3305 illa
263 3265 323 3306 nnn
347 3245 437 3306 virilis
460 3246 587 3319 mulatio,

174 3329 283 3391 Preces
305 3340 335 3391 et
357 3349 489 3392 aversum
514 3331 548 3390 ad
572 3331 680 3403 lovem,

132 3413 236 3477 lenius
259 3416 316 3476 udn
340 3434 407 3476 cum
430 3417 600 3494 remugiens
622 3416 706 3477 sinus

173 3501 250 3561 Noto
273 3501 402 3561 carinam
426 3502 556 3579 ruperit!
1007 3505 1036 3555 2ο

10 3607 339 3703 Matricem
365 3651 415 3712 cui]
434 3649 588 3714 Madvigius
610 3650 668 3701 adu.
688 3653 747 3700 crit.
767 3649 786 3699 ll
805 3652 849 3702 57:
874 3645 1012 3698 africanum
1038 3649 1078 3698 cui

28 3721 159 3776 africano
180 3720 219 3770 cni
239 3718 480 3781 timendorum,
500 3719 540 3770 cui
559 3719 685 3769 Fattinus
704 3718 719 3769 l.
738 3717 797 3783 tp.
818 3719 865 3769 625
891 3713 894 3778 Ι
920 3715 951 3767 28
969 3716 1079 3767 mutabit

10 3792 192 3845 salamannus
209 3787 246 3837 ad
263 3786 342 3837 Luca.
361 3786 380 3836 ll
399 3788 448 3838 829

82 3855 107 3906 Χ
128 3870 152 3906 υ.
175 3856 205 3907 13
230 3860 286 3906 usta
304 3854 492 3906 decimanum
515 3853 531 3905 l.
554 3870 576 3905 c.
598 3853 608 3903 l
634 3856 672 3917 10,
693 3852 759 3905 141.
786 3850 791 3920 1
820 3855 893 3918 l9sq.
919 3853 975 3904 sinn
1000 3856 1077 3904 nctus

10 3955 30 3976 =
48 3926 110 3989 Bo)

37 4015 169 4062 Horatius.
859 4007 873 4058 8
