2474 4440
475 230 648 283 danninum
665 232 696 284 lll
715 233 755 284 Ἡ.
775 235 816 286 25.

242 403 314 464 Cum
336 403 456 480 periura
477 403 567 480 patris
589 401 661 463 fides

169 500 199 550 cd
286 487 460 548 Consortem
482 487 595 547 socium
616 488 696 548 fallal
717 497 747 548 el
768 488 900 568 hospites

242 571 426 650 ludignoque
448 572 604 649 pecuniam

286 655 395 716 Heredi
416 667 566 736 properet.
611 656 729 717 Scilicet
751 656 902 736 improbae

243 741 385 802 Crescunt
406 741 537 801 divitiae:
560 749 658 802 tamen

288 825 392 886 Curuae
416 824 515 886 nescio
539 826 608 904 quid
632 845 750 906 semper
772 826 854 887 abest
875 827 927 888 rei.

605 1279 680 1339 XXV

242 1397 308 1468 Quo
330 1417 387 1470 me,
410 1397 532 1472 Bacche,
555 1397 634 1476 rapis
656 1397 698 1457 tui

286 1479 432 1542 Plenum?
455 1501 530 1561 quae
553 1500 683 1543 memora
705 1491 756 1544 aut
778 1501 852 1561 quos
874 1502 946 1564 agor
969 1485 999 1545 in
1027 1504 1130 1566 spccm

240 1566 329 1628 Velox
352 1577 450 1627 mente
474 1565 570 1627 nova?
593 1566 701 1645 quibus

286 1652 387 1713 hntris
408 1652 518 1731 egregii
542 1651 671 1712 Caesaris
693 1651 793 1713 audiar

184 1746 199 1795 5
241 1737 402 1797 Aeternum
425 1736 569 1797 meditans
592 1736 682 1797 decus

286 1821 383 1882 Stellis
405 1821 537 1882 inserere
560 1829 590 1880 ct
610 1821 734 1882 consilio
757 1819 855 1882 lovis?

238 1903 338 1966 Dicam
361 1906 488 1984 insigne,
512 1923 627 1978 recens,
650 1905 745 1966 adhuc

286 1990 433 2050 lndiclum
455 2009 507 2050 ore
529 1990 600 2050 alio:
625 2009 686 2050 uon
710 2008 795 2052 secus
818 1989 848 2050 in
871 1989 947 2068 iugis

241 2073 286 2134 Ex
308 2075 420 2135 somnis
442 2084 542 2154 stupet
564 2073 682 2148 Euhias,

173 2168 200 2219 10
286 2157 418 2219 Hebrum
441 2159 626 2238 prospiciens
648 2168 678 2220 el
700 2159 766 2220 nive
789 2156 943 2219 candidam

240 2243 373 2304 Thracen
398 2262 432 2304 ac
453 2244 528 2324 pede
551 2243 677 2304 barbaro

285 2328 451 2389 Lustralam
474 2329 649 2408 Rhodopen,
672 2339 706 2390 ut
727 2327 798 2388 mihi
821 2325 905 2387 devio

240 2411 329 2492 Ripas
351 2423 381 2474 el
401 2431 524 2474 vacuum
549 2432 654 2474 nemus

285 2498 384 2558 lllirari
405 2498 486 2559 libet.
532 2498 556 2558 0
579 2498 721 2558 Naiadum
744 2504 850 2576 potens

169 2590 197 2640 15
241 2580 481 2661 Baccharumque
504 2583 660 2644 valentium

285 2666 427 2728 Proceras
449 2669 584 2729 manibus
606 2678 721 2728 vertere
742 2665 883 2738 fraxinos,

239 2751 286 2811 Nil
308 2771 430 2831 parvum
453 2763 503 2813 aut
524 2753 627 2813 humili
650 2752 747 2824 modo,

284 2837 331 2897 Nil
353 2836 476 2898 monde
498 2838 611 2916 loquar.
655 2837 747 2897 Dulce
770 2834 935 2914 periculum
958 2841 1011 2906 esl,

140 2948 143 2952 “
240 2921 413 2995 0Lenaoe,
436 2923 519 3001 sequi
542 2924 628 2984 deum

170 3012 200 3065 20
286 3006 459 3084 Cingeulem
481 3008 564 3068 viridi
587 3017 719 3086 tempora
744 3004 892 3084 pampino.

112 3155 315 3165 ———

197 3271 276 3322 XXIV
295 3288 318 3323 v.
336 3275 368 3324 60
388 3273 513 3340 hospitem

198 3338 267 3390 XXV
285 3356 309 3391 o.
330 3345 341 3392 1
362 3343 441 3394 trahis
459 3342 527 3394 Mar.
548 3343 616 3393 Vict.
637 3339 668 3391 Vl
682 3356 710 3405 p.
731 3344 788 3404 177,
807 3341 821 3390 3
840 3336 869 3388 K.
888 3352 947 3386 cum
965 3352 989 3386 u.
1009 3337 1025 3387 l.
1045 3340 1130 3389 arche,

112 3407 281 3476 mpisutuid.
298 3408 302 3474 Ι
325 3411 376 3460 2et
391 3410 394 3475 Ι
411 3412 426 3462 6
445 3410 554 3461 concilio
570 3408 574 3476 Ι
590 3412 604 3461 9
619 3423 650 3459 ex
662 3408 767 3470 somnis]
778 3409 822 3471 (v),
840 3405 1066 3468 Gottingcnsa'ssc.
1079 3405 1130 3457 Gon

113 3493 148 3527 ac
165 3482 215 3526 vat.
233 3475 254 3537 s.
275 3476 313 3526 cd.
333 3477 492 3543 descriptum
511 3482 570 3529 vett.
584 3477 728 3527 nonnullae
749 3475 806 3526 edd.
827 3475 851 3537 (c
873 3472 970 3523 somnis
991 3473 1070 3536 aliua)
1088 3483 1130 3523 ul

112 3547 172 3594 nem
198 3545 271 3603 adn.;
291 3543 326 3595 V:
347 3545 572 3610 exsoleexolmnis
590 3561 605 3594 u
624 3543 718 3595 Edonis
737 3543 822 3593 Bentl.
850 3544 854 3606 l
884 3541 914 3591 12
928 3541 965 3601 ut]
981 3555 1010 3592 ac
1029 3542 1077 3607 (v);
1097 3540 1130 3591 Ba

116 3626 191 3677 quam
212 3613 306 3675 Porph.
