2474 4440
367 299 369 303 ,
397 244 625 299 EPISTULARUM
643 247 663 298 ll
684 250 705 298 1.

101 422 141 496 Si,
164 421 232 500 quia
255 420 409 481 Graiorum
433 432 503 480 sunt
525 419 727 498 antiquissima
750 436 884 496 quaeque

100 507 216 586 Scripta
238 505 283 565 vel
306 506 426 584 optima,
449 504 575 565 Romani
597 514 761 583 pensantur
783 503 884 563 eadem

100 592 268 670 Scriptores
291 591 411 663 trutina,
436 609 496 651 non
520 590 665 668 estquod
689 589 780 650 multa
802 588 974 666 loquamur:
1059 594 1089 644 eo

101 677 148 737 Nil
170 677 248 737 intra
271 685 315 737 est
338 676 409 748 olea,
434 675 476 735 nil
499 685 580 735 extra
603 683 647 735 est
670 675 700 735 in
724 691 800 734 nuce
823 673 899 744 duri,

101 762 242 822 Venimus
265 761 301 820 ad
323 778 473 821 summum
495 762 643 831 fortunae,
666 759 815 838 pingimus
838 769 926 836 atque

101 847 256 908 Psallimus
280 855 309 906 et
330 846 477 907 luctamur
500 845 616 906 Achivis
639 844 754 905 doctius
777 844 884 904 unctis.

101 933 131 993 Si
154 932 275 993 meliora
297 931 369 1001 dies,
393 940 425 990 ut
446 931 522 1003 vina,
545 940 679 1009 poemata
702 929 806 1002 reddit,

103 1017 186 1078 Scire
208 1017 303 1088 velim,
327 1016 436 1077 chartis
458 1016 586 1094 pretium
610 1024 718 1093 quotus
741 1014 864 1092 adroget
885 1030 991 1074 annus.
1060 1018 1089 1069 35

102 1102 235 1182 Scriptor
257 1101 365 1162 abhinc
388 1120 484 1162 annos
506 1110 625 1161 centum
649 1100 699 1178 qui
723 1099 840 1168 decidit,
864 1098 941 1158 inter

101 1186 252 1248 Perfectos
273 1194 446 1264 veteresque
469 1186 571 1246 referri
595 1185 683 1245 dehet
705 1202 742 1244 an
766 1185 844 1245 inter

103 1271 171 1333 Vilis
193 1283 282 1350 atque
305 1269 417 1332 noros?
440 1270 574 1332 excludat
596 1271 690 1348 iurgia
712 1270 788 1330 finis.

100 1349 165 1418 ‘Est
186 1367 270 1417 votus
292 1365 380 1435 atque
403 1355 525 1435 probus,
549 1364 668 1416 centum
693 1356 742 1434 qui
765 1354 882 1433 perlicit
902 1369 1006 1412 annos.

103 1442 187 1515 Ouid,
212 1441 262 1520 qui
285 1441 409 1520 deperiit
431 1441 530 1501 minor
552 1459 612 1500 uno
636 1458 738 1501 mense
760 1440 805 1500 rel
828 1435 929 1499 anno?
1062 1443 1091 1494 40

102 1526 183 1587 lnter
206 1544 281 1605 quos
304 1526 478 1588 referendus
501 1523 578 1586 erit?
601 1534 754 1585 veteresne
777 1534 889 1604 poetas,

101 1612 145 1672 An
170 1630 245 1691 quos
268 1621 297 1672 et
319 1630 461 1691 praesens
483 1621 512 1671 et
535 1620 652 1690 postera
676 1620 796 1689 respuat
817 1604 916 1669 aetas?

98 1690 169 1758 ‘Iste
186 1697 311 1776 ‘quidem
336 1706 451 1757 veteres
474 1697 552 1756 inter
574 1706 704 1775 ponetur
725 1696 859 1767 honeste,

101 1782 161 1853 Qui
183 1784 228 1844 rel
251 1800 355 1843 mense
377 1781 459 1841 brevi
483 1781 527 1841 vel
549 1791 611 1842 toto
635 1791 679 1841 est
700 1781 798 1840 iunior
821 1767 916 1839 anno?
1128 1844 1130 1848 ,

99 1867 174 1927 Utor
196 1868 351 1947 permisso,
375 1867 543 1945 caudaeque
566 1867 642 1945 pilos
664 1874 697 1925 ut
720 1865 846 1943 equinae
1009 1934 1014 1941 .
1061 1864 1091 1917 45

100 1952 251 2014 Paullatim
275 1952 359 2018 vello,
383 1961 412 2011 et
435 1951 520 2011 demo
543 1969 647 2022 unum,
671 1952 757 2010 demo
779 1950 866 2010 etiam
887 1963 989 2016 unum,

99 2039 176 2099 llum
199 2038 282 2098 cadat
305 2038 404 2098 elusus
427 2037 542 2097 ratione
565 2036 680 2097 ruentis
701 2036 796 2096 acervi

100 2122 159 2193 Qui
182 2122 259 2183 redit
281 2123 312 2182 in
336 2123 428 2183 fastus
451 2131 480 2181 et
503 2122 638 2182 virtutem
662 2121 795 2182 aestimat
817 2118 904 2179 annis

101 2207 285 2286 Miraturque
309 2207 391 2279 nihil,
415 2207 472 2267 nisi
495 2207 574 2285 quod
598 2206 726 2268 Libitina
748 2206 880 2267 sacrarit.
904 2235 944 2246 -

101 2292 229 2362 Ennius,
253 2301 283 2353 et
304 2292 423 2370 sapiens
446 2301 475 2352 et
498 2293 584 2353 lortis
607 2303 636 2353 et
658 2293 731 2353 alter
754 2291 911 2360 Homerus,
1064 2291 1093 2341 ⁵⁰

102 2377 143 2438 Ut
164 2377 257 2438 critici
280 2376 392 2449 dicunt,
415 2377 518 2437 leviter
540 2395 645 2437 curare
666 2378 791 2450 videtur,

103 2463 171 2532 Quo
194 2462 339 2543 promissa
362 2462 469 2523 cadant
492 2471 520 2522 et
542 2463 657 2523 somnia
680 2462 877 2541 Pythagorea3

101 2547 228 2611 Naevius
251 2547 282 2607 in
306 2546 443 2608 manibus
467 2565 527 2608 non
552 2557 596 2608 est
619 2558 647 2607 et
669 2545 819 2607 mentibus
841 2545 942 2604 haeret

104 2633 204 2694 Paene
227 2629 356 2693 recens?
378 2633 450 2692 adeo
475 2642 609 2693 sanctum
633 2642 677 2693 est
698 2641 781 2692 vetus
804 2647 892 2691 omne
914 2642 1028 2705 poema.

103 2717 272 2797 Ambigitur
294 2717 442 2795 quotiens,
465 2726 532 2778 uter
553 2727 621 2778 utro
644 2717 682 2778 sit
703 2717 795 2795 prior,
818 2716 913 2775 aufert

106 2803 251 2864 Pacuvius
274 2802 352 2863 docti
375 2802 483 2862 famam
506 2803 594 2875 senis,
617 2802 723 2863 Accius
745 2801 805 2873 alti,

104 2887 219 2949 Dicitur
241 2887 343 2948 Afrani
365 2895 432 2966 toga
455 2888 631 2948 convenisse
653 2886 826 2957 Menandro,

108 2973 227 3034 Plautus
249 2973 285 3033 ad
309 2972 457 3051 exemplar
479 2972 570 3034 Siculi
592 2989 754 3052 properare
777 2967 956 3049 Epicharmi,

17 3074 19 3078 ¹
108 3057 233 3119 Vincere
257 3057 400 3119 Caecilius
423 3059 572 3136 gravitate,
595 3057 753 3117 Terentius
775 3064 847 3118 arte.

110 3142 170 3203 Hos
193 3142 295 3204 ediscit
318 3154 347 3202 et
369 3142 423 3203 hos
445 3155 508 3204 arto
532 3143 636 3221 stipata
659 3143 773 3202 theatro
1067 3144 1095 3193 6⁰

111 3228 229 3307 Spectat
246 3228 344 3288 -lloma
367 3236 483 3306 potens,
506 3228 594 3288 habet
616 3228 670 3288 hos
692 3235 888 3303 numeratque
911 3230 1012 3301 poetas

102 3312 152 3372 >hd
175 3323 311 3374 nostrum
334 3322 452 3392 tempus
475 3313 536 3373 Livi
560 3313 713 3391 scriptoris
736 3310 772 3371 ah
789 3329 875 3374 aero.

10 3449 226 3460 -——-

110 3529 162 3582 lv.
181 3531 210 3582 31
232 3532 300 3593 olea]
320 3533 355 3594 (υ)
374 3529 473 3580 rente:
492 3530 575 3581 oleam
599 3529 604 3599 Ι
629 3530 704 3582 duri‘l
722 3535 748 3580 ct
765 3546 788 3579 υ.
808 3530 840 3583 33
859 3527 961 3580 unctis?
979 3522 1097 3576 Doeder-

11 3603 121 3654 laenius
138 3599 228 3661 (1835;
248 3598 336 3649 deden
354 3599 410 3648 und
427 3595 560 3658 Aufcdtze
578 3598 598 3649 ll
618 3601 734 3663 230rqq.
753 3597 789 3658 cf.
809 3597 872 3649 adn.
892 3595 942 3656 ed.)
970 3593 973 3660 Ι
1001 3595 1032 3646 37
1052 3603 1096 3641 ue·

11 3675 124 3723 teresue
152 3666 156 3732 Ι
184 3667 216 3720 38
236 3665 356 3718 excludet
373 3668 409 3730 (v)
428 3666 540 3717 excludit
557 3668 592 3729 (v)
620 3667 625 3732 1
649 3670 682 3719 40
700 3667 925 3731 interrogationis
941 3665 1049 3727 signum
1066 3661 1096 3707 in

10 3739 73 3803 fine
93 3751 186 3786 versata
199 3738 319 3802 positum
343 3749 403 3785 cum
421 3736 603 3800 Petschenlgio
629 3739 740 3785 auctore
757 3735 789 3786 H.
808 3735 829 3784 J.
848 3731 975 3784 Muellcro
993 3733 1019 3778 et
1036 3741 1096 3778 cum

15 3808 47 3859 G.
79 3803 231 3869 chgoro:
259 3802 342 3862 Quid?
370 3802 563 3869 qui...anno‚
591 3803 595 3867 Ι
622 3805 654 3855 42
678 3801 792 3869 respuat]
816 3825 849 3844 =
872 3802 921 3852 B⁰:
941 3801 1045 3864 respuet
1061 3795 1097 3858 (v)

12 3873 123 3994 pespuit
142 3871 245 3939 (u)l46
265 3875 291 3922 et
308 3872 369 3922 item
386 3870 390 3936 Ι
406 3874 437 3923 41
458 3871 533 3922 cadet
551 3872 585 3935 (o)
608 3871 660 3937 148
679 3870 710 3922 ad
731 3871 736 3936 1
756 3870 847 3932 fastus]
866 3868 900 3929 cs.
920 3882 941 3919 c.
960 3867 988 3918 lll
1008 3870 1047 3930 17,
1066 3866 1096 3915 4:

25 3955 102 3995 asos
