2474 4440
111 213 171 273 186
434 293 448 311 ,
479 214 709 268 EPISTULARUM
728 218 737 268 l
758 221 780 271 l.
799 222 823 272 2.

195 387 267 450 Cum
290 387 330 449 sis
353 396 382 448 et
403 406 490 467 prave
512 398 624 450 sectum
647 391 839 453 stomacheris
862 392 900 453 ob
924 412 1058 474 unguem

109 484 151 534 tto
194 474 237 536 lle
259 481 288 534 te
311 472 477 553 pendentis,
499 482 528 534 te
551 474 736 554 respicientis
758 477 855 537 amici.
1043 479 1044 483 ’

194 559 238 619 bd
261 576 420 620 summam:
444 559 560 639 sapiens
583 578 643 619 uno
666 560 765 620 minor
787 570 831 623 est
853 562 931 637 love,
955 565 1047 639 dives,

193 644 292 716 Liber,
315 644 487 718 honoratus,
512 644 643 723 pulcher,
666 663 719 704 rex
741 646 868 725 denique
891 666 1007 728 regum,

194 728 355 808 Praecipue
377 746 475 803 sanus,
499 729 554 788 nisi
578 747 646 790 cum
668 731 771 809 pituita
794 732 915 794 molesta
939 744 993 796 est.

628 1016 655 1077 ll

193 1136 313 1198 Troiani
337 1135 405 1195 belli
427 1135 612 1212 scriptorem,
637 1135 760 1195 Maxime
782 1135 865 1210 Lolli,

120 1264 123 1268 -
192 1223 267 1283 Dum
290 1230 323 1283 tu
344 1220 488 1280 declamas
512 1220 630 1293 Romae,
654 1221 812 1281 Praeneste
834 1221 936 1301 relegi,

192 1306 259 1380 Qui,
283 1305 354 1386 quid
375 1305 414 1366 sit
434 1305 600 1384 pulchrum,
623 1306 693 1385 quid
709 1315 806 1385 turpe,
829 1306 900 1385 quid
915 1308 997 1384 utile,
1022 1310 1089 1388 quid
1105 1331 1144 1373 no

193 1391 313 1453 Planius
335 1408 369 1451 ac
392 1390 496 1451 melius
519 1390 683 1470 Chrysippo
706 1398 735 1451 ct
758 1391 901 1452 Crantore
923 1393 1003 1456 dicit.

134 1488 149 1537 5
193 1477 252 1538 Cur
273 1479 311 1538 ita
335 1475 518 1549 crediderim,
542 1476 598 1536 nisi
621 1476 690 1554 qnid
714 1484 742 1535 tc
766 1475 894 1551 distinet,
917 1478 997 1540 audi.
1097 1472 1099 1478 ⁴

190 1561 311 1634 Fabula,
335 1579 391 1640 qua
416 1561 527 1621 Paridis
548 1570 671 1640 propter
694 1569 830 1621 narratur
852 1579 984 1624 amorem

191 1647 312 1710 Graecia
336 1645 487 1707 barbariae
511 1646 590 1707 lento
614 1645 725 1706 conlisa
747 1645 854 1720 duello,

190 1734 353 1794 Stultorum
376 1750 480 1811 regum
502 1740 532 1792 et
553 1731 733 1811 populorum
755 1731 890 1792 continet
910 1743 1019 1795 aestus.

190 1822 324 1879 Antenor
346 1827 449 1878 censet
471 1817 539 1877 belli
562 1816 730 1894 praecidere
753 1833 888 1889 causam;

119 1912 146 1962 to
190 1902 266 1974 Quid
290 1900 394 1964 Paris?
416 1911 450 1962 ut
472 1903 567 1963 salvus
590 1909 696 1981 regnet
715 1901 850 1979 vivatque
872 1901 984 1978 beatus,

189 1987 260 2067 Cogi
284 2006 370 2068 posse
394 1998 496 2067 negat3
519 1986 628 2048 Nestor
649 2004 829 2065 componere
852 1986 911 2048 litis

188 2071 270 2134 luter
292 2073 410 2134 Peliden
435 2073 553 2133 festinat
575 2081 604 2132 et
625 2072 704 2132 inter
726 2071 864 2147 Atridcn3

188 2157 276 2219 Hunc
298 2175 389 2229 amor,
412 2157 455 2217 ira
477 2157 594 2235 quidem
616 2157 814 2217 communiter
837 2156 896 2217 urit
918 2164 1087 2237 utrumque.

190 2241 337 2320 Quidquid
360 2241 486 2302 delirant
507 2260 600 2321 reges,
624 2242 795 2320 plectuntur
817 2240 927 2302 Achivi.

119 2336 146 2386 15
190 2326 350 2399 Seditione,
374 2326 457 2399 dolis,
481 2327 591 2387 scelere
614 2338 701 2405 atque
725 2325 845 2386 libidine
867 2335 897 2386 et
919 2327 962 2387 ira

189 2411 292 2473 iliacos
314 2413 391 2472 intra
413 2429 514 2472 muros
536 2421 674 2491 peccatur
696 2419 725 2471 et
747 2419 837 2472 extra.

189 2498 312 2571 Rursus,
336 2497 405 2576 quid
430 2496 520 2557 virtus
543 2506 571 2556 et
593 2496 663 2574 quid
685 2496 828 2575 sapientia
851 2497 953 2575 possit,

189 2582 265 2643 Utile
288 2581 443 2662 proposuit
466 2581 552 2642 nobis
575 2581 723 2660 exemplar
748 2580 862 2654 Ulixen,

189 2668 246 2739 Qui
269 2667 396 2728 domitor
418 2666 523 2726 Troiae
545 2666 706 2726 multorum
729 2666 868 2744 providus
890 2667 980 2728 urbes

116 2761 144 2812 tn
187 2752 224 2812 Et
245 2771 344 2813 mores
366 2752 522 2812 bominum
545 2751 674 2830 inspexit
695 2751 845 2830 latumque
868 2770 922 2830 per
944 2770 1065 2831 aequor,

188 2838 264 2899 llum
286 2837 351 2911 sibi,
374 2837 443 2898 dum
467 2837 553 2897 sociis
575 2837 702 2896 reditum
725 2843 815 2914 parat,
838 2854 943 2915 aspera
966 2838 1056 2898 multa

188 2923 320 2997 Pertulit,
343 2921 469 2983 adversis
491 2939 591 2981 rernm
613 2921 809 2982 inmersabilis
831 2922 926 2988 undio.

188 3009 326 3070 Sirenum
347 3026 433 3068 voces
455 3015 485 3068 ct
507 3005 607 3067 Circae
628 3006 733 3086 pocula
757 3006 850 3081 nosti;

188 3093 268 3164 Quae
290 3094 315 3154 si
337 3111 405 3153 cum
426 3092 514 3153 sociis
536 3092 643 3153 stultus
665 3090 848 3170 cupidusque
871 3090 1004 3165 bibisset,

116 3186 143 3235 25
187 3177 249 3238 Sub
272 3178 390 3238 domina
411 3177 566 3238 meretrice
589 3177 691 3238 luisset
712 3176 807 3254 turpis
829 3185 859 3236 et
880 3195 994 3251 excors,

188 3261 312 3323 Vixisset
334 3263 414 3324 canis
437 3262 598 3323 inmundus
620 3262 665 3322 vel
686 3261 778 3322 amica
801 3261 863 3322 luto
886 3281 946 3324 sus.

187 3347 247 3408 Nos
270 3366 411 3408 numerus
433 3366 534 3408 sumus
557 3355 587 3407 et
607 3347 707 3426 fruges
730 3364 906 3409 consumere
929 3347 1000 3421 nati,

190 3433 298 3512 Sponsi
322 3433 486 3512 Penelopae
509 3431 683 3506 nebulones,
707 3431 883 3511 Alcinoique

187 3517 220 3578 ln
244 3528 311 3578 cute
333 3518 461 3578 curanda
484 3517 551 3596 plus
573 3535 667 3595 aequo
690 3525 809 3595 operata
830 3517 976 3592 iuventus

186 3771 205 3822 ll
224 3787 247 3823 u.
269 3775 280 3823 1
301 3771 420 3836 Maxime]
439 3770 601 3820 Metnelrius:
619 3771 727 3821 maxime
747 3771 751 3835 Ι
772 3773 788 3822 4
807 3770 907 3835 plenius
932 3769 937 3838 Ι
961 3775 976 3824 5
995 3769 1087 3821 detinet
1100 3762 1145 3831 (ull

101 3840 233 3892 8aestum
260 3840 264 3904 Ι
293 3843 324 3892 to
343 3838 416 3898 Quod
439 3838 526 3902 Pario,
549 3839 584 3903 (u)
611 3837 615 3902 Ι
643 3839 674 3890 28
693 3839 836 3889 distinctus
860 3853 920 3888 cum
938 3839 974 3890 al.
992 3837 1050 3890 coll.
1067 3835 1145 3888 Amor.

101 3911 174 3972 epist.
193 3907 217 3970 9,
238 3909 283 3959 14:
301 3907 389 3974 sponsi
407 3906 560 3973 Penelopae,
578 3905 719 3958 nebulones
737 3908 773 3960 al.

12 3950 90 4176 b
