2474 4440
109 272 150 330 22
480 270 652 322 CARMINUM
670 271 679 321 l
698 273 738 323 2‘1.
758 274 798 325 28.

236 444 327 504 Voltis
343 443 435 504 severi
452 462 498 502 me
514 461 632 520 quoque
648 461 764 502 sumere

166 538 195 589 lo
239 529 354 588 Partem
371 524 512 587 Falerni?
527 527 604 587 dicat
620 526 768 605 Opuntiae

283 612 386 673 Frater
401 611 551 691 Megyllae,
568 630 627 690 quo
644 611 746 672 beatus

333 698 470 771 Volnera,
487 715 544 774 qua
559 706 660 776 pereat
675 696 789 774 sagitta.
808 731 849 739 —

238 814 337 876 Cessat
351 811 507 875 voluntas?
523 833 584 875 non
601 813 657 874 alia
673 813 771 875 biham

237 900 380 961 Mercede.
411 899 492 970 Quae
508 907 679 977 tecumque
695 900 794 960 domat
808 899 920 973 VenuS,

165 994 193 1044 lo
279 986 344 1045 Non
362 983 573 1045 erubescendis
589 983 686 1044 adurit

333 1069 457 1148 Ignibus
473 1069 663 1146 ingenuoque
678 1086 795 1146 semper

238 1189 344 1247 Amore
360 1205 480 1266 peccas:
498 1186 640 1265 quidquid
657 1185 757 1259 hahes,
774 1204 836 1264 age,

239 1272 361 1351 Depone
376 1272 447 1332 tutis
463 1270 593 1330 auribus
610 1304 650 1314 -
666 1274 688 1330 Α
707 1271 804 1350 miser,

283 1355 399 1426 Quanta
415 1355 568 1416 laborabas
583 1355 739 1434 Charybdi,

164 1450 192 1500 to
334 1441 428 1518 Digne
443 1458 518 1520 puer
533 1440 654 1500 meliore
670 1440 799 1499 llammal

237 1558 317 1629 Quae
333 1577 411 1638 saga,
428 1558 494 1636 quis
509 1569 538 1618 te
554 1557 666 1618 solvere
684 1557 829 1619 Thessalis

236 1643 337 1722 Magus
352 1644 483 1714 venenis,
501 1643 567 1721 quis
582 1642 692 1721 poterit
706 1641 800 1703 deus‘l

281 1728 333 1788 Vix
348 1729 502 1807 inligatum
518 1737 547 1787 te
563 1728 689 1787 triformi

333 1813 461 1890 Pegasus
476 1812 611 1891 expediet
627 1811 787 1873 Chimaera.

583 2063 700 2124 XXVlll

234 2181 275 2241 Te
291 2182 380 2242 maris
396 2190 425 2241 et
439 2191 535 2243 terrae
552 2200 737 2261 numeroque
753 2183 880 2244 carentis
895 2185 1025 2248 harenae

281 2266 448 2327 Mensorem
465 2268 616 2340 cohihent,
632 2268 768 2347 Archyta,

234 2351 366 2412 Pulveris
381 2352 478 2430 exigui
495 2371 588 2432 prope
604 2353 672 2413 litus
688 2370 775 2431 parva
792 2351 933 2413 Matinum
1036 2365 1039 2369 “

281 2436 403 2496 Munera
420 2439 646 2516 necquicquam
663 2437 716 2497 tibi
731 2437 851 2515 prodest

175 2529 190 2578 5
233 2521 333 2583 Aerias
349 2531 506 2601 temptasse
522 2524 625 2583 domos
640 2521 800 2600 animoque
815 2522 978 2584 rotundum

281 2607 467 2668 Percurrisse
483 2609 584 2686 polum
600 2607 755 2666 morituro.

234 2687 348 2753 Occidit
364 2702 393 2751 et
407 2693 524 2771 Pelopis
539 2693 666 2772 genitor,
683 2691 803 2752 conviva
819 2691 953 2767 deorum,

279 2777 484 2856 Tithonusque
499 2789 631 2838 remotus
647 2777 678 2836 in
693 2794 778 2837 auras

232 2858 268 2922 Et
284 2861 359 2922 lovis
374 2863 489 2924 arcanis
505 2863 601 2923 Minos
617 2861 760 2922 admissus
775 2860 944 2939 habentque

160 2954 188 3003 lo
276 2947 395 3007 Tartara
412 2949 597 3008 Panthoiden
614 2948 722 3007 iterum
738 2945 817 3006 Orco

231 3029 405 3104 Demissum,
422 3033 553 3111 quamvis
569 3033 663 3112 clipeo
680 3031 807 3091 Troiana
822 3031 913 3090 refixo

279 3117 425 3196 Tempora
442 3127 563 3179 testatus
579 3118 652 3178 nihil
669 3118 745 3178 ultra

230 3200 341 3263 Nervos
357 3214 444 3281 atque
460 3213 557 3264 cutem
574 3203 660 3263 morti
677 3210 865 3263 concesserat
880 3210 969 3275 atrae,

276 3286 376 3348 lodice
391 3296 421 3348 te
437 3308 498 3350 non
514 3288 650 3350 sordidus
665 3299 769 3349 auctor

158 3377 186 3426 15
229 3369 356 3432 Naturae
372 3374 508 3452 verique3
524 3375 574 3435 sed
592 3376 688 3435 omnis
703 3391 763 3434 una
778 3379 878 3431 manet
895 3389 963 3443 nox,

275 3455 313 3516 Et
329 3458 467 3519 calcanda
482 3460 573 3521 semel
588 3460 631 3520 via
646 3459 707 3520 leti.

229 3539 305 3600 Dant
320 3542 392 3603 alios
407 3542 512 3606 Furiae
527 3554 611 3606 torvo
627 3543 796 3625 spectacula
811 3541 905 3613 Marti,

275 3625 372 3687 Exitio
389 3639 433 3689 est
447 3630 561 3692 avidum
578 3650 657 3692 mare
673 3628 787 3700 nautis;

99 3737 302 3752 *R

97 3806 274 3926 Aldmxxvn
286 3826 310 3860 υ.
326 3814 352 3861 11
370 3809 487 3875 Megillae
509 3817 513 3882 Ι
535 3822 566 3871 13
579 3817 698 3883 uoluptas
718 3815 723 3881 Ι
745 3809 937 3873 relationem)
951 3808 1053 3860 laboras
1071 3808 1095 3858 in

185 3945 285 3997 xxvnl
303 3961 328 3996 a.
347 3949 361 3997 5
380 3946 504 4003 aetherios
522 3955 669 4007 Mainela'ua
685 3952 688 4018 Ι
706 3954 737 4002 15
756 3961 824 3999 mors
