2474 4440
204 218 245 278 50
590 223 760 276 cnuhruutu
780 226 810 278 iii
829 231 851 279 1.
870 230 894 280 2.
936 163 956 203 ο

260 407 288 456 25
333 395 552 456 Desiderantem
570 396 647 474 quod
663 397 734 458 satis
749 409 793 458 est
809 417 906 477 neque

331 480 557 542 Tumultuosum
574 481 710 541 sollicitat
726 500 804 542 mare

379 566 440 625 Nec
455 584 556 626 saevus
571 567 688 626 Arcturi
705 566 836 628 cadentis

429 650 560 729 Impetus
576 659 627 712 aut
643 651 766 712 orientis
781 652 882 726 Haedi,

332 770 397 830 Non
414 769 582 828 verberatae
599 769 743 845 grandine
757 770 860 830 vineae

259 867 288 916 tu
332 853 513 932 Fundusque
528 854 663 925 mendax,
678 854 784 914 arbore
800 873 882 914 nunc
897 873 988 934 aquas

379 939 533 1017 Culpante‚
550 956 632 997 nunc
647 939 789 999 torrentia
806 956 892 1017 agros

430 1023 543 1096 Sidera,
560 1041 640 1083 nunc
656 1023 767 1084 hiemes
782 1024 907 1102 iniquas.

333 1142 487 1203 Contracta
504 1141 600 1218 pisces
613 1143 891 1218 aequora‘sentiunt

333 1227 419 1287 lactis
434 1226 463 1285 in
482 1225 571 1285 altum
586 1225 727 1286 molibus:
744 1227 802 1287 huc
818 1229 958 1305 frequens

260 1323 288 1373 35
375 1311 531 1371 Caementa
547 1311 672 1371 demittit
688 1310 858 1391 redemptor

430 1397 501 1456 Cum
519 1395 634 1455 iamuhs
651 1396 849 1474 dominusque
864 1406 960 1458 terrae

332 1514 528 1587 Fastidiosus3
544 1513 595 1573 sed
611 1513 713 1572 Timor
727 1524 756 1574 et
771 1513 868 1576 Minae

332 1600 486 1660 scandunt
500 1600 614 1671 eodem,
632 1617 690 1676 quo
706 1598 853 1671 dominus,
870 1619 967 1678 neque

378 1683 500 1744 Decedit
515 1693 612 1743 aerata
628 1683 740 1744 triremi
756 1694 785 1743 et

260 1780 289 1830 tt)
429 1769 498 1828 Post
513 1769 639 1846 equitem
657 1767 738 1828 sedet
753 1779 815 1827 atra
831 1769 915 1829 Cura.
942 1802 980 1813 -

332 1886 443 1957 Quodsi
458 1886 606 1946 dolentem
624 1905 680 1945 nec
695 1886 839 1966 Phrygius
855 1887 928 1967 lapis
944 1939 946 1942 ,

332 1971 392 2031 Nec
409 1989 606 2050 purpurarum
623 1970 718 2031 sidere
734 1970 841 2031 clarior

379 2055 498 2115 Delenit
513 2075 583 2116 usus
599 2074 654 2115 nec
671 2055 793 2116 Falerna

430 2140 501 2201 Vitis
516 2141 805 2218 Achaemeniumque
820 2153 944 2216 costum,

264 2269 293 2319 45
337 2258 395 2319 Cur
410 2258 574 2319 invidendis
591 2259 725 2337 postibus
742 2270 771 2319 et
788 2278 863 2318 novo

335 2343 467 2403 Subiime
484 2343 540 2403 ritu
556 2344 661 2403 moliar
677 2341 804 2403 atrium?

380 2429 438 2489 Cur
452 2429 527 2488 valle
542 2437 707 2508 permutem
724 2427 833 2489 Sabina

432 2513 548 2574 Divitias
564 2511 775 2592 operosiores‘i

726 2767 752 2826 ΙΙ

331 2883 491 2962 Angustam
508 2884 601 2944 amice
617 2885 786 2963 pauperiem
803 2885 861 2964 pati

330 2966 480 3029 Robustus
496 2968 555 3028 acri
571 2969 672 3028 militia
687 2989 763 3048 puer

378 3052 534 3113 Condiscat
550 3062 579 3112 et
594 3053 718 3114 Parthos
734 3055 840 3115 ferocis

429 3137 519 3198 Vexat
535 3156 626 3215 eques
641 3140 818 3199 metuendus
833 3140 912 3200 hasta

275 3265 289 3313 o
332 3255 486 3334 Vitamque
503 3255 638 3316 subdivo
655 3266 684 3316 et
698 3259 821 3336 trepidis
836 3267 902 3336 agat

332 3339 365 3399 in
383 3341 482 3400 rebus.
513 3340 597 3401 iilum
615 3360 649 3401 ex
665 3343 822 3403 moenibus
838 3343 959 3404 hosticis

378 3425 511 3485 Matrona
529 3425 664 3486 bellantis
679 3428 797 3506 tyranni

430 3510 617 3589 Prospicicns
633 3522 662 3571 et
677 3511 773 3571 adulta
792 3512 874 3590 virgo

203 3643 407 3652 ——-—

288 3760 338 3811 iv.
358 3763 389 3813 39
408 3777 445 3826 sq.
465 3767 491 3812 et
510 3765 577 3827 post]
596 3765 643 3825 (oh
662 3768 722 3827 post
740 3779 755 3812 o
774 3768 884 3829 postque
903 3765 1075 3817 corridenti.

290 3827 309 3879 ii
326 3845 349 3879 o.
372 3832 383 3880 1
404 3829 478 3880 amici
497 3827 542 3893 (cs.
561 3833 641 3882 iocor.
660 3830 692 3881 ad
715 3831 811 3883 amicos
836 3837 861 3881 et
884 3830 915 3882 de
938 3833 1099 3886 institutione

108 3872 317 4176 xloquitur
335 3898 393 3962 ele.)
411 3899 447 3961 (n)
