2474 4440
501 251 629 305 EPODON
649 257 672 307 2.

176 422 333 484 Labuntur
355 423 420 484 altis
442 425 560 484 iuterim
585 426 657 504 ripis
679 445 781 505 aquae,

221 508 397 580 Queruntur
419 509 449 569 in
473 509 551 570 silvis
573 528 640 570 avos

176 592 366 672 Frondesque
389 594 516 674 lymphis
538 594 715 674 obstrepunt
737 597 934 674 manantibus,

221 678 349 740 Somnos
371 679 451 756 quod
473 679 576 739 inritet
599 679 677 740 lavis.
712 709 716 718 ·

177 763 213 823 lt
233 782 301 824 cum
324 763 455 824 tonantis
477 782 574 825 annus
596 764 739 828 hibernus
761 768 836 828 lovis

221 847 325 909 lmbris
349 848 481 927 nivisque
503 861 655 929 comparat

178 934 233 992 dut
255 934 346 994 trudit
368 934 444 994 acris
465 933 536 994 binc
558 944 588 994 et
611 934 680 996 bino
703 937 793 996 multa
816 955 889 998 caue

222 1019 318 1096 Apros
339 1018 370 1079 in
395 1018 538 1079 obstantis
562 1020 660 1098 plagas

178 1103 233 1163 dut
255 1104 342 1163 amite
365 1103 420 1163 levi
443 1121 509 1163 rara
533 1104 627 1164 tendit
650 1105 732 1178 retia,

221 1187 328 1249 Turdis
350 1187 489 1248 edacibus
511 1189 605 1261 dolos,

178 1271 374 1351 Pavidumque
396 1273 528 1352 leporem
552 1285 581 1334 et
602 1274 742 1334 adranam
765 1274 870 1353 laqueo
893 1294 996 1353 gruem

222 1357 353 1418 lucuuda
376 1367 475 1438 captat
497 1358 634 1436 praemia.

181 1441 250 1512 Quis
274 1462 334 1503 non
358 1443 510 1514 malarum,
534 1462 607 1521 quas
630 1462 713 1504 amor
734 1462 820 1506 curas
842 1445 940 1519 babet,

222 1527 301 1588 Haec
323 1527 402 1588 iuter
425 1527 629 1588 obliviscitur?

181 1611 291 1682 Quodsi
315 1613 420 1692 pudica
443 1613 549 1673 mulier
571 1614 601 1673 in
625 1624 737 1692 partem
760 1615 838 1675 iuvet

222 1697 348 1758 Domum
370 1707 458 1776 atque
481 1699 574 1758 dulcis
596 1697 714 1768 liberos,

182 1779 287 1842 Sabina
310 1783 404 1861 qualis
426 1791 477 1842 aut
499 1793 619 1861 perusta
641 1783 752 1845 solibus

223 1867 354 1929 Pernicis
377 1886 453 1929 uxor
474 1868 570 1946 Apuli,

179 1951 296 2013 Sacrum
320 1953 441 2014 vetustis
463 1962 594 2013 exstruat
616 1953 703 2032 lignis
727 1955 825 2015 locum

205 2037 304 2102 ‚Lassi
327 2037 382 2098 sub
405 2039 561 2098 adrentum
583 2037 636 2098 viri

180 2120 383 2200 claudensque
405 2123 491 2183 tertis
513 2123 643 2184 cratibus
666 2124 773 2184 laetum
796 2142 887 2203 pecus

227 2206 357 2268 Disteuta
380 2209 471 2268 siccet
494 2207 585 2267 ubera

180 2290 215 2351 Et
237 2292 330 2352 borna
353 2292 431 2352 dulci
455 2292 519 2352 viua
542 2311 684 2372 promens
706 2293 783 2354 dolio

224 2377 318 2457 Dapes
340 2377 486 2456 inemptas
509 2379 644 2455 adparet:

178 2461 242 2522 Non
266 2481 314 2522 me
338 2462 465 2522 Lucrina
488 2462 615 2522 iuverint
638 2463 790 2543 conchylia

224 2546 350 2625 Magisve
373 2547 516 2608 rhombus
538 2558 587 2607 aut
609 2549 694 2618 scari,

181 2631 288 2710 Siquos
312 2632 380 2693 Eois
402 2633 536 2692 intonata
559 2629 705 2694 ductibus

225 2716 325 2777 llioms
348 2718 384 2777 ad
408 2718 463 2778 boo
486 2727 578 2776 vertat
601 2736 690 2787 maro,

178 2799 243 2861 Non
269 2804 336 2861 Alra
360 2803 419 2862 aris
441 2803 599 2862 descendat
620 2803 649 2863 in
674 2810 805 2862 ventrem
829 2818 937 2870 meum,

224 2887 290 2947 Nou
314 2897 430 2966 attagen
455 2888 572 2947 lonicus

180 2970 342 3033 Iucundior
364 2990 450 3050 quam
474 2971 546 3032 lecta
571 2972 606 3031 de
629 2968 830 3050 pinguissimis

204 3056 286 3117 Oliva
308 3059 396 3118 ramis
418 3057 558 3117 arborum

179 3141 237 3201 dut
260 3141 350 3202 berba
373 3141 480 3222 lapathi
502 3150 585 3220 prata
609 3139 734 3200 amantis
756 3146 785 3198 et
806 3137 885 3217 gravi

227 3226 334 3287 blalrao
356 3227 489 3287 salubres
511 3227 629 3304 corpori

182 3311 232 3371 Vel
254 3330 329 3391 agua
352 3312 433 3372 lestis
456 3330 539 3372 caesa
561 3309 778 3370 Terminalibus

228 3396 277 3457 Vol
301 3398 412 3458 haedus
434 3405 554 3474 ereptus
576 3396 655 3473 lupo.
1055 3402 1084 3451 uu

89 3548 256 3558 Ἢ--ῃ-

139 3663 159 3713 ll
176 3681 200 3715 v.
221 3666 253 3716 25
272 3664 334 3715 riuis
351 3667 394 3729 (ε
406 3662 461 3731 Βῦ)
476 3666 480 3727 l
496 3667 528 3716 27
548 3663 710 3728 frondesque]
724 3661 899 3712 Marklandus
916 3661 953 3712 ad
969 3659 1066 3710 caluom
1085 3660 1123 3711 ed

88 3746 120 3782 ur.
140 3731 233 3797 Suppl.
252 3749 278 3799 p.
295 3735 396 3799 acasq.
415 3739 441 3784 at
458 3748 500 3798 ap.
520 3735 546 3784 P.
566 3732 750 3782 Burmannum
769 3730 825 3780 Sec.
844 3731 905 3781 adn.
925 3729 960 3779 od
978 3728 1055 3792 Prop.
1074 3728 1124 3790 (ed.

106 3799 261 3867 Santonico)
278 3799 311 3852 lV
330 3805 353 3865 4,
372 3804 400 3852 4:
429 3801 563 3865 fontesque
590 3800 594 3855 Ι
622 3801 654 3852 35
677 3797 830 3863 pavidumve
848 3798 933 3848 Bentl.
951 3798 1002 3861 137
1022 3810 1082 3860 ager
1100 3795 1127 3844 M

88 3910 90 3915 .
114 3885 139 3918 a.
161 3869 236 3933 1879,
263 3886 314 3921 rec.
333 3887 357 3920 o.
379 3871 443 3922 1852
467 3871 493 3931 l†
511 3883 582 3918 amor
603 3883 628 3918 u.
654 3866 753 3931 tasum
778 3865 856 3916 Roma
883 3879 947 3931 quas
966 3866 992 3914 P.
1010 3864 1032 3914 I.
1054 3863 1125 3914 Scri-

89 3939 148 3986 riuc
160 3935 257 3989 raom.
271 3955 297 3988 n.
309 3954 329 3990 s.
345 3940 455 4002 15,325;
466 3937 497 3986 Α.
507 3937 537 3988 Ε.
546 3937 680 3985 Housman
688 3936 782 4000 journ.
796 3932 901 3998 ofpbtl.
916 3931 990 3982 XVlll
1001 3933 1041 3994 35,
1056 3936 1126 3995 lisq.
