2474 4440
362 193 534 247 cacumen
551 194 561 246 1
580 197 618 248 ld.
638 197 677 248 ld.

111 369 207 430 lactes
222 377 253 429 et
266 385 362 447 genua
377 376 406 427 et
420 384 529 426 nomen
546 366 660 440 inutile,

20 510 25 517 .
50 458 53 462 ’
110 454 159 514 Nil
175 452 262 531 pictis
276 452 395 513 timidus
410 451 505 511 navita
521 451 671 530 puppibus

160 537 253 599 Fidit:
268 546 309 609 tu,
327 537 382 598 nisi
399 536 494 596 ventis

203 621 299 683 Debes
313 620 483 693 ludibrium,
499 638 577 680 cave.

113 757 217 836 Nuper
232 757 390 819 sollicitum
406 756 567 835 quaemihi
583 757 722 832 taedium,

111 842 201 903 Nunc
215 841 393 903 desiderium
409 858 538 919 curaque
554 860 615 901 non
631 841 711 916 levis,

159 925 306 989 lnterlusa
321 925 443 987 nitentis

203 1013 282 1074 Vites
297 1027 425 1089 aequora
441 1009 588 1089 Cycladas.

500 1314 548 1373 XV

115 1435 218 1496 Pastor
233 1451 300 1493 cum
315 1432 446 1492 traheret
459 1450 514 1510 per
528 1433 602 1493 freta
616 1433 739 1497 navibus

116 1519 208 1580 Idaeis
224 1517 358 1578 Helenen
374 1516 505 1595 perfidus
520 1517 675 1596 hospitam,

117 1605 236 1683 Ingrato
253 1601 365 1663 celeres
380 1600 480 1662 obruit
495 1601 554 1662 otio

191 1687 313 1759 Ventos,
329 1694 362 1746 ut
376 1695 496 1746 caneret
510 1687 572 1746 fera

116 1824 230 1884 Nereus
245 1822 319 1882 lata:
339 1813 427 1881 ‘llala
443 1821 527 1881 ducis
542 1822 586 1881 avi
602 1820 733 1896 domum,

116 1908 211 1979 Quam
227 1906 319 1966 multo
334 1913 449 1984 repetet
464 1905 585 1966 Graecia
600 1905 701 1980 milite,

116 1992 273 2053 Coniurata
288 1998 353 2051 tuas
368 2007 507 2068 rumpere
523 1990 641 2068 nuptias

192 2075 231 2136 llt
245 2092 369 2152 regnum
386 2074 495 2134 Priami
509 2084 602 2136 vatus.

118 2213 193 2286 Heu,
208 2210 276 2283 heu,
292 2218 420 2288 quantus
435 2209 528 2288 equis,
544 2219 673 2286 quantus
688 2213 770 2273 adest
783 2213 852 2274 viris

117 2295 230 2357 Sudorl
247 2302 357 2374 quanta
371 2312 472 2354 mores
486 2295 592 2371 lunara
607 2294 757 2358 Dardanae

118 2381 222 2442 Genti!
239 2380 294 2440 iam
310 2379 421 2457 galeam
438 2378 532 2440 Pallas
549 2387 579 2439 et
593 2381 693 2459 aegida

195 2465 365 2542 Currusque
380 2472 410 2524 et
424 2462 535 2523 rabiem
551 2473 643 2542 parat.

117 2599 305 2678 Nequiquam
317 2597 441 2659 Veneris
456 2598 601 2677 praesidio
618 2601 700 2660 ferox

118 2685 222 2744 Poctes
238 2683 399 2744 caesariem
414 2691 555 2762 grataque
572 2682 688 2744 leminis

118 2767 223 2829 lnbclli
240 2767 349 2829 cithara
365 2767 495 2828 carmina
510 2767 629 2840 divides,

195 2852 382 2932 Nequiquam
397 2850 524 2912 thalamo
539 2853 634 2930 gravis

119 2989 224 3050 Hastas
239 2997 269 3048 et
283 2986 384 3047 calami
400 2987 512 3065 spicula
528 2987 627 3049 Cnosii

120 3072 232 3133 Vitabis
247 3071 463 3151 strepitumque
478 3082 508 3132 et
522 3073 648 3133 celerem
664 3074 747 3153 sequi

119 3157 237 3218 Aiacem
246 3173 255 3230 ;
271 3166 379 3231 tamen,
394 3156 462 3231 hen,
478 3174 562 3218 serus
578 3156 727 3220 adulteros

195 3240 293 3302 Crinis
307 3241 428 3320 pulvere
443 3240 576 3302 collines.

121 3376 185 3436 Non
203 3374 387 3448 Laertiaden,
404 3375 523 3436 exitium
540 3385 606 3437 tuae

121 3460 218 3534 Genti,
236 3479 297 3520 non
314 3460 429 3540 Pylium
445 3460 568 3521 Nestora
584 3460 729 3540 respicis?

120 3544 236 3624 Urgent
250 3544 387 3623 impavidi
402 3553 432 3604 te
447 3544 622 3606 Salaminius

200 3629 326 3702 Teucer,
343 3639 372 3691 te
387 3629 545 3690 Sthenelus
556 3630 658 3691 sciens

80 3827 127 3880 XV
145 3845 168 3881 o.
188 3833 203 3882 5
222 3827 332 3881 Proteus
350 3831 456 3895 Porprd„
482 3829 564 3881 codol.
594 3829 660 3880 stat.
686 3829 762 3883 Tmo.
782 3829 824 3881 Vll
853 3832 902 3882 330
930 3830 936 3898 Ι
966 3828 1065 3882 9eheu

11 3900 31 3963 a)
45 3899 51 3967 Ι
66 3897 102 3951 20
118 3897 200 3950 cultus
221 3899 226 3964 Ι
250 3898 282 3950 21
302 3897 429 3948 excidium
447 3898 482 3962 (υ)
503 3898 507 3962 1
530 3899 562 3949 22
581 3898 665 3963 gentis
684 3899 688 3964 Ι
709 3899 742 3949 24
759 3897 857 3950 Teucer
875 3904 901 3950 et
