2474 4440
443 145 671 199 EPISTULARUM
690 146 699 198 l
718 150 741 200 7.
762 149 786 204 ⁸·

166 317 267 379 Verum
291 317 342 378 ubi
366 336 433 379 oves
456 319 545 389 lurto,
567 315 673 377 morbo
696 319 810 397 periere
834 321 971 399 capellae,

164 403 249 482 Spem
272 403 397 463 mentita
417 420 510 482 seges,
535 401 589 463 bos
612 413 655 462 est
678 414 799 465 enectus
822 405 944 476 arando,

163 487 298 549 Offensus
320 487 435 549 damnis
457 488 551 548 media
574 487 610 548 de
634 498 721 548 nocte
744 489 888 551 caballum

163 573 271 653 Arripit
295 573 445 652 iratusque
467 572 595 652 Philippi
620 573 713 633 tendit
734 574 769 633 ad
793 574 882 636 aedis.

161 657 253 729 Quem
268 658 356 721 simul
366 658 502 760 adspexit
517 657 654 718 scabrum
671 659 883 738 intonsumque
895 657 1057 738 Philippus,

156 733 283 816 ‘’Durus,
309 743 349 804 ait
366 735 485 816 ‘Vultei,
511 742 597 802 nimis
618 751 806 822 attentusque
831 744 936 806 videris

161 826 229 890 Esse
250 821 341 889 mini?
376 820 454 899 ‘,Pol
476 846 524 888 me
546 827 696 901 miserum,
720 837 853 908 patrone,
877 846 1005 902 vocares,

160 912 188 972 Si
210 902 306 975 vclles’
331 913 429 992 inquit
446 905 561 974 ‘verum
585 912 657 972 mibi
680 932 792 992 ponere
815 932 935 975 nomen.

160 996 241 1068 Quod
265 1007 294 1059 te
316 1016 417 1077 per1
393 997 519 1059 Genium
543 998 734 1093 dextramque
757 999 887 1078 deosque
911 1000 1026 1061 Penatis

160 1081 288 1145 Obsecro
311 1092 341 1143 et
363 1083 503 1154 obtestor,
527 1082 601 1142 vitae
626 1100 672 1141 me
695 1084 784 1145 redde
807 1076 926 1163 prioril'
954 1121 993 1130 —

161 1166 212 1238 oui
236 1169 329 1230 semel
351 1168 495 1246 adspexit,
518 1175 662 1246 quantum
686 1168 803 1230 dimissa
827 1169 926 1314 petitis

159 1251 318 1328 Praestent,
340 1261 453 1315 mature
476 1253 576 1313 redeat
598 1261 771 1332 repetatque
793 1255 911 1327 reicta;

156 1337 249 1400 Metiri
272 1357 305 1399 se
329 1356 475 1417 quemque
498 1357 552 1398 suo
576 1337 697 1397 modulo
720 1357 753 1399 ao
776 1339 850 1418 pede
873 1357 975 1400 verum
998 1350 1051 1402 est.

572 1625 638 1685 Vlll

147 1742 237 1807 Celso
261 1744 390 1822 gaudere
413 1753 442 1804 et
464 1743 540 1803 bene
563 1762 626 1804 rem
649 1762 752 1823 gerere
775 1742 957 1824 Albinovano

142 1826 234 1891 Musa
257 1838 358 1908 rogata
382 1829 469 1902 refer,
492 1829 591 1889 comiti
615 1828 787 1907 scribaeque
810 1828 945 1889 Neronis.

142 1913 180 1976 Si
206 1924 332 1994 quaeret
354 1913 424 1992 quid
446 1932 539 1993 agam,
563 1913 609 1974 dic
632 1914 723 1974 multa
745 1923 773 1974 et
796 1913 919 1993 pulchra
941 1915 1102 1977 minantem

140 1995 256 2060 Vivere
280 2017 335 2060 nec
358 2007 439 2059 recte
462 2017 518 2059 nec
541 2000 676 2070 suaviter,
699 1998 777 2058 haud
800 1998 869 2077 quia
890 2001 1002 2077 grando

140 2082 327 2146 Contuderit
348 2083 414 2144 vitis
437 2083 590 2161 oleamque
614 2083 806 2145 momorderit
828 2095 925 2146 aestus
1125 2098 1140 2148 o

142 2168 211 2231 Nec
235 2169 304 2248 quia
324 2169 496 2247 longinquis
519 2179 685 2231 armentum
709 2176 842 2248 aegrotet
863 2169 893 2230 in
917 2170 1004 2248 agris,

144 2255 210 2316 Sed
233 2255 302 2333 quia
325 2262 424 2315 mente
446 2254 544 2316 minus
566 2254 678 2315 validus
700 2273 787 2334 quam
811 2272 937 2334 corpore
960 2263 1021 2317 toto

143 2337 198 2401 Nil
221 2338 323 2400 audire
347 2339 442 2410 velim,
467 2339 508 2399 nil
531 2340 654 2412 discere,
679 2339 758 2418 quod
780 2340 857 2401 levet
879 2358 1017 2418 aegrum;

148 2424 233 2486 Fidis
257 2425 390 2485 offendar
412 2424 544 2497 medicis,
567 2425 677 2486 irascar
698 2424 809 2496 amicis,

149 2510 212 2571 Cur
234 2527 282 2569 me
305 2510 423 2571 funesto
447 2518 611 2589 properent
633 2527 734 2570 arcere
757 2517 896 2582 vetern03
1110 2522 1139 2572 to

147 2594 233 2666 Quae
258 2613 389 2654 nocuere
411 2613 529 2672 sequar,
551 2595 660 2672 fugiam
684 2612 759 2673 quac
782 2594 902 2673 prolore
924 2594 1059 2669 credam3

149 2680 263 2740 Romae
285 2679 379 2740 Tibur
401 2697 497 2740 amem
519 2690 669 2751 ventosus,
692 2677 803 2739 Tibure
824 2677 958 2738 Romam

150 2764 222 2826 Post
242 2765 326 2836 haec,
349 2775 383 2824 ut
402 2764 503 2837 valeat,
527 2784 586 2844 quo
608 2774 695 2844 pacto
718 2781 781 2824 rem
803 2774 886 2842 gerat
908 2772 1000 2838 etse,

151 2849 189 2910 Ut
210 2849 354 2952 placeat
347 2850 445 2911 iuveni
468 2860 645 2946 percontare
668 2858 760 2928 utque
782 2848 906 2911 cohorti.

152 2934 182 2994 Si
205 2925 312 2995 dicet‘
316 2924 416 3006 recte',
440 2935 567 3012 primum
591 2935 729 3014 gaudere,
751 2933 878 2995 subinde
1109 2945 1137 2995 15

152 3019 344 3100 Praeceptum
368 3019 507 3081 auriculis
531 3020 587 3080 boc
609 3020 751 3082 instillare
774 3026 939 3080 memento:

152 3104 190 3164 Ut
211 3114 244 3165 tu
267 3105 425 3177 fortunam,
448 3105 490 3166 sic
514 3113 619 3166 noste
621 3152 628 3177 ,
604 3104 745 3176 eCelse,
769 3105 905 3166 feremus.

169 3353 238 3406 lllo.
257 3357 290 3408 93
309 3357 515 3423 ponerel=B⁰·
536 3355 620 3407 dicere
647 3359 650 3417 1
678 3358 710 3407 96
729 3355 816 3419 semel]
829 3357 864 3420 (o)
876 3355 1019 3416 nanterus
1037 3354 1135 3406 Boset:

176 3423 303 3495 adspexit]
309 3372 471 3489 pmspeetum
489 3424 548 3475 coll.
565 3440 588 3475 o.
608 3426 640 3476 90
659 3422 695 3484 cl.
716 3422 761 3474 OK
776 3425 870 3489 epilog.
887 3438 913 3488 p.
932 3423 981 3474 636

176 3489 247 3543 lllv
266 3493 421 3559 3quaeritl
442 3497 457 3545 5
476 3492 592 3543 cleemue
611 3493 646 3553 (a)
671 3493 674 3558 Ι
700 3493 731 3544 12
749 3496 872 3543 uenturus
890 3506 906 3539 c
924 3490 1039 3554 (-=B⁰),
1057 3490 1134 3542 codd

187 3564 255 3622 ante,
270 3564 375 3626 partim
389 3565 451 3625 post
469 3564 592 3612 ventosus
611 3564 660 3609 cut
677 3564 797 3612 venturus
816 3559 1041 3623 distinguentibus

525 3748 676 3759 --—-
