2474 4440
433 247 647 302 SATlRARUllll
668 252 690 301 1.
711 251 733 304 8,

133 423 281 503 Expressa
303 423 424 483 arbusto
447 423 556 501 regerit
578 422 718 493 convicia,
742 422 834 482 durus

135 508 337 570 vindemiator
359 517 385 567 el
409 507 545 578 invictus,
568 508 615 567 cui
638 525 724 586 saepe
747 508 840 567 viator

134 594 275 656 Cessisset
296 611 403 672 magna
426 593 606 671 compellans
629 611 699 653 voce
721 591 869 652 cuculum.

135 682 170 739 At
191 679 330 751 Graecus,
355 687 510 759 postquam
534 686 578 737 est
599 677 671 737 ltalo
694 679 830 756 perfusus
853 685 948 751 aceto,

136 764 253 826 Persius
275 765 433 825 exclamat:
453 756 522 842 ‘per
543 781 678 842 magnos,
701 763 801 834 Brute,
824 763 894 824 deos
917 774 960 846 te¹

137 850 208 923 Oro,
230 849 280 928 qui
303 868 388 929 reges
411 848 565 909 consueris
587 848 701 919 tollere,
724 865 778 908 cur
802 867 861 908 non

137 934 221 995 llunc
244 936 354 1014 Regem
378 930 514 1014 iugulas‘l
537 952 660 1013 operum
684 934 750 1006 hoo,
773 932 843 992 mihi
866 934 961 1003 crede,

761 1026 880 1078 tuorum
903 1008 964 1079 est.³

552 1237 615 1296 Vlll

135 1358 212 1419 Olim
235 1366 360 1418 truncus
382 1374 462 1416 eram
486 1355 623 1426 ficulnus,
646 1355 749 1418 inutile
773 1359 895 1436 lignum,

131 1442 207 1503 Cum
231 1442 321 1514 laben,
344 1442 476 1502 incertus
498 1458 651 1501 scamnum
673 1443 823 1503 faceretne
846 1443 994 1523 Priapum,

129 1527 236 1589 Maluit
257 1546 321 1588 esse
345 1528 447 1587 deum:
471 1525 543 1586 deus
566 1525 636 1586 inde
658 1544 722 1603 ego,
746 1527 843 1587 lurum
865 1529 1020 1608 aviumque

131 1611 258 1673 Maxima
280 1611 422 1686 lormido;
447 1630 513 1671 nam
537 1612 618 1671 sures
640 1612 741 1672 dextra
763 1621 882 1672 coercet

130 1697 349 1776 Obscaenoque
372 1696 462 1757 rubor
482 1706 638 1776 porrectus
660 1696 696 1757 ab
720 1698 842 1775 inguine
864 1696 957 1776 palus,

128 1783 186 1845 Ast
208 1783 392 1862 importunas
415 1782 540 1841 volucris
563 1782 592 1842 in
617 1783 723 1842 vertice
746 1782 881 1843 harundo

131 1869 241 1928 Terret
262 1869 317 1928 fixa
339 1877 474 1944 vetatque
498 1867 580 1927 novis
604 1868 758 1927 considere
781 1867 811 1926 in
835 1867 937 1929 bortis.

132 1953 199 2014 Huc
222 1952 305 2032 prius
327 1951 459 2030 angustis
481 1951 572 2012 eiecta
596 1954 733 2013 cadavera
756 1951 836 2014 cellis

128 2039 301 2099 Conserrus
321 2038 370 2097 vili
393 2038 536 2115 portanda
560 2037 673 2097 locabat
696 2037 725 2097 in
748 2057 831 2113 arca3

132 2124 198 2185 Hoc
220 2124 345 2183 miserae
369 2122 446 2200 plebi
469 2122 565 2182 stabat
586 2141 744 2183 commune
767 2124 945 2202 sepulcrum,

133 2207 297 2270 Pantolabo
320 2226 439 2277 scurrae
461 2206 708 2286 Nomentanoque
730 2209 841 2287 nepoti.

133 2295 212 2354 lllille
235 2293 326 2371 pedes
347 2293 378 2353 in
402 2293 508 2364 fronte,
531 2302 681 2353 trecentos
704 2295 808 2372 cippus
831 2294 861 2353 in
884 2312 987 2372 agrum

135 2379 189 2439 Hic
212 2377 308 2450 dabat,
331 2377 454 2438 heredes
477 2387 701 2438 monumentum
727 2397 763 2438 ne
786 2389 970 2456 sequeretur.

134 2464 221 2524 Nunc
243 2462 311 2523 licet
333 2461 471 2541 Esquiliis
495 2463 624 2524 babitare
647 2463 813 2524 salubribus
835 2473 923 2542 atque

134 2550 249 2628 Aggere
273 2549 302 2607 in
326 2548 426 2626 aprico
450 2548 579 2625 spatiari,
603 2547 769 2625 quamodo
793 2549 889 2610 tristes

135 2633 216 2695 Albis
239 2634 398 2693 informem
420 2633 594 2712 spectabant
616 2633 731 2693 ossibus
753 2650 872 2711 agrum;

132 2718 207 2780 Cum
231 2718 301 2778 mibi
325 2738 383 2779 non
408 2726 521 2778 tantum
544 2720 683 2796 furesque
705 2719 844 2796 feraeque
866 2727 965 2778 suetae

134 2804 222 2864 llunc
244 2821 347 2862 vexare
369 2803 468 2863 locum
491 2822 579 2864 curae
602 2813 672 2863 sunt
694 2813 782 2880 atque
804 2803 907 2874 labori,

133 2888 284 2958 Quantum
307 2888 487 2948 carminibus
509 2907 583 2966 quae
606 2897 722 2949 versant
742 2897 831 2966 atque
854 2888 975 2949 venenis

135 2973 287 3037 Humanos
309 2974 433 3034 animos.
478 2973 537 3035 llas
560 2973 641 3033 nullo
664 2974 789 3052 perdere
811 2992 930 3053 possum

134 3058 193 3119 Neo
215 3058 375 3138 prohibere
397 3060 494 3131 modo,
518 3059 661 3120 simulac
684 3077 753 3137 vaga
777 3059 845 3120 luna
868 3060 1008 3120 decorum

134 3143 259 3205 Protulit
282 3163 324 3216 os,
347 3144 420 3222 quin
443 3162 508 3204 ossa
531 3144 629 3222 legant
652 3143 816 3223 herbasque
839 3144 984 3206 nocentis.

135 3228 196 3289 Vidi
220 3237 337 3306 egomet
360 3229 441 3306 nigra
464 3230 644 3290 succinctam
666 3229 770 3290 vadere
793 3229 867 3308 palla

136 3311 293 3387 Canidiam,
316 3313 441 3392 pedibus
464 3314 550 3374 nudis
573 3332 718 3392 passoque
742 3315 856 3393 capillo,

137 3397 205 3458 dum
229 3399 344 3477 Sagana
366 3400 476 3459 maiore
498 3399 675 3471 ululantem3
700 3400 794 3478 pallor
815 3406 955 3477 utrasque

138 3481 254 3544 Fecerat
275 3485 438 3545 horrendas
459 3484 609 3563 adspectu.
655 3485 794 3564 Sealpere
816 3493 923 3544 terram

81 3601 251 3627 N*

143 3730 189 3784 tlll
205 3752 228 3786 o.
247 3738 261 3786 t
280 3735 410 3801 insidere!
429 3739 506 3801 llsq.
527 3737 614 3801 nepoti
638 3736 708 3788 mille
725 3739 836 3804 Porplc.;
855 3737 889 3789 M.
910 3737 1061 3798 Petschenig
1079 3732 1115 3791 of.

81 3789 108 3865 ,²¹-
128 3813 211 3865 gymn.
236 3803 326 3853 Austr.
349 3821 374 3857 a.
395 3806 459 3855 1871
483 3821 508 3869 p.
534 3805 581 3856 126
608 3805 612 3869 l
643 3809 672 3857 13
699 3805 747 3856 boo
772 3805 848 3857 dabat
866 3804 972 3857 heredes
990 3818 1022 3854 m.
1041 3803 1065 3854 J.
1086 3800 1112 3850 S.

81 3866 155 3927 Μῦν
170 3873 264 3925 observ.
283 3876 309 3921 et
326 3872 426 3922 emend
441 3888 468 3938 p.
482 3875 561 3938 38sq.
581 3873 585 3936 Ι
606 3872 696 3933 dabat3
709 3873 760 3923 alii
778 3871 783 3941 Ι
806 3876 837 3926 14
848 3872 974 3923 salubrius
993 3873 1025 3921 ei.
1045 3867 1083 3919 Me
1104 3870 1109 3928 Ι

81 3917 97 3970 ’5
114 3935 167 3999 qua]
183 3939 278 3991 Rentl.:
298 3956 350 4006 quo
365 3941 370 4007 Ι
387 3942 418 3992 18
436 3940 488 3991 siut
504 3943 539 4005 (v)
554 3943 559 4004 l
577 3944 607 3994 19
627 3949 721 3991 nexant
738 3938 774 4007 (o)

114 4017 214 4073 Horatius,
884 4023 915 4073 lt
