2474 4440
344 231 526 283 CARMlNUlll
544 233 577 283 lv
596 238 619 286 9.
641 237 679 287 lb.
700 238 739 287 11.

136 407 272 483 lmpune,
295 404 380 473 Lolli,
403 422 525 481 carpere
547 405 646 465 lividas

136 490 317 552 Obliviones.
362 488 414 548 Est
435 489 550 548 animus
573 489 625 548 tibi

182 575 356 651 Rerumque
380 573 511 650 prudens
534 584 562 632 et
584 575 721 634 secundis

234 657 431 736 Temporibus
454 657 609 735 dubiisque
632 669 739 732 rectus,

137 777 249 836 Vindex
273 794 374 835 avarae
397 776 508 835 fraudis
531 787 559 836 et
582 776 735 838 abstinens

136 861 279 923 Ducentis
302 861 337 919 ad
359 879 391 920 se
413 871 520 920 cuncta
543 861 686 938 pecuniae

184 946 353 1022 Consulqne
378 965 436 1005 non
461 945 549 1006 unius
572 946 657 1017 anni;

236 1031 292 1090 Sed
316 1030 454 1106 quotiens
476 1030 573 1090 bonus
596 1040 684 1107 atque
707 1029 782 1090 lidus

138 1149 228 1209 ludex
250 1149 408 1208 honestum
431 1149 569 1226 praetulit
593 1147 664 1219 utili,

137 1233 249 1293 Reiecit
271 1234 328 1292 alto
353 1235 430 1293 dona
454 1233 624 1293 nocentium

184 1318 280 1389 Voltu,
306 1336 359 1394 per
382 1317 525 1378 obstantis
551 1327 679 1377 catervas

235 1402 382 1480 Explicuit
404 1421 457 1462 sua
480 1403 572 1462 victor
594 1420 682 1461 arma.
707 1435 747 1444 -

138 1521 202 1580 Non
227 1520 427 1597 possidentem
449 1522 540 1582 multa
563 1520 710 1580 vocaveris

139 1605 228 1665 Recte
252 1605 386 1677 beatum;
409 1606 519 1666 rectius
543 1616 668 1683 occupat

185 1689 298 1749 Nomen
323 1690 408 1764 beati,
433 1691 483 1768 qui
507 1691 629 1750 deorum

236 1774 410 1836 Muneribus
433 1775 583 1853 sapienter
605 1775 648 1833 uti

140 1892 309 1967 buramque
331 1891 416 1951 callet
438 1893 608 1970 pauperiem
632 1892 691 1969 pati

142 1975 286 2053 Peiusque
309 1977 367 2036 leto
390 1976 530 2054 flagitium
554 1977 645 2049 timet,

186 2061 252 2119 Non
277 2061 324 2121 ille
346 2080 401 2139 pro
425 2062 500 2122 caris
522 2061 623 2122 amicis

238 2148 295 2205 Aut
318 2146 410 2224 patria
434 2146 551 2206 timidus
574 2146 681 2224 perire.

537 2365 563 2423 X

146 2482 169 2542 0
194 2483 320 2542 crudelis
343 2485 438 2543 adhuc
461 2495 490 2542 et
512 2483 635 2544 Veneris
657 2482 831 2543 muneribus
853 2492 970 2560 potenS,

144 2566 295 2644 lnsperata
318 2579 384 2629 tuae
408 2586 474 2629 cum
498 2568 595 2628 veniet
617 2568 717 2646 pluma
739 2567 895 2645 superbiae

144 2651 180 2710 Et
202 2669 278 2728 quae
301 2673 382 2714 nnnc
406 2653 515 2715 umeris
537 2652 693 2712 involitant
715 2651 878 2713 deciderint
901 2669 1012 2725 comae,

145 2736 230 2795 Nunc
254 2746 283 2796 et
306 2739 358 2816 qui
381 2740 463 2799 color
486 2749 530 2799 est
552 2737 696 2816 puniceae
719 2738 791 2796 ssore
814 2735 897 2815 prior
918 2754 1013 2810 rosae,

146 2820 282 2896 Mutatus,
307 2823 457 2900 Ligurine,
481 2823 511 2882 in
535 2823 638 2882 faciem
662 2822 781 2882 verterit
802 2819 956 2898 hispidam,
1035 2832 1050 2879 5

91 2927 94 2933 ·
147 2905 231 2965 Dices
250 2898 352 2968 ‘boul'
378 2909 515 2986 quotiens
537 2917 565 2967 te
589 2908 709 2986 speculo
731 2905 837 2966 videris
859 2906 993 2979 alterum,

144 2981 238 3059 ‘Quae
261 3011 345 3053 mens
368 3004 412 3053 cst
433 2992 530 3064 hodie,
554 3011 608 3052 cur
631 2993 731 3051 eadem
754 3009 815 3050 non
838 3008 931 3068 puero
954 2989 1010 3049 fuit

147 3072 197 3133 Vel
220 3093 273 3135 cur
296 3077 340 3137 his
362 3077 467 3139 animis
490 3077 653 3137 incolumes
676 3094 736 3135 non
760 3076 886 3135 redeunt
907 3067 1038 3152 genae‘l'

531 3295 570 3354 Xl

147 3411 198 3472 Est
221 3413 290 3472 mihi
316 3433 428 3474 nonum
451 3413 618 3492 superantis
641 3429 753 3471 annum

148 3496 256 3559 Plenus
280 3499 384 3558 Albani
407 3499 506 3572 cadus,
530 3498 625 3558 estin
649 3498 745 3567 horto,

148 3580 249 3661 Phylli,
274 3583 427 3644 nectendis
448 3583 546 3661 apium
569 3581 696 3657 coronis,

223 3667 276 3729 Est
298 3669 423 3728 hederae
444 3667 487 3728 ris

91 3775 226 3792 Q...-

115 3826 144 3880 lll
159 3849 181 3883 v.
201 3836 232 3885 52
251 3833 346 3899 peribit

115 3892 171 3951 llo.
192 3905 206 3952 5
223 3901 353 3967 Ligurine]
371 3903 406 3967 (v)
428 3901 590 3964 Torrentius,
608 3900 706 3951 Bentl:
725 3897 871 3964 Ligurinum
887 3897 891 3963 Ι
911 3899 926 3948 6
945 3896 971 3948 in
988 3883 1161 4168 spe?

1113 4035 1119 4060 l
