2474 4440
377 244 419 297 DE
437 244 525 296 ARTE
542 244 689 297 POETlGA.
890 290 894 297 .
1005 241 1065 301 237

85 421 123 481 Et
144 418 236 499 patris
259 427 288 479 et
311 427 428 479 nostras
451 437 624 497 nonumque
646 429 799 498 prematur
821 419 851 479 in
875 435 987 478 annum

86 503 264 567 Membranis
287 504 367 565 intus
389 503 507 583 positis;
530 502 629 564 delere
651 502 752 565 licebit

85 589 170 662 Quod
196 608 256 649 non
281 588 421 650 edideris:
446 588 540 649 nescit
563 607 616 649 vox
639 590 726 650 missa
751 587 865 649 reverti.
888 622 929 632 -
1026 595 1068 646 000

86 675 232 736 Silvestris
254 675 391 735 homines
412 691 495 734 sacer
517 675 723 753 interpresque
746 675 869 734 deorum

84 759 229 821 Caedibus
251 768 281 819 et
301 759 380 819 victu
403 758 489 819 loedo
512 758 653 819 deterruit
677 759 822 838 Orpheus,

87 847 185 906 Dictus
208 844 245 904 ob
269 845 326 904 hoc
348 844 441 904 lenire
464 843 546 922 tigris
568 844 745 921 rabidosque
767 843 884 917 leones;

88 932 186 991 [lictus
209 939 238 990 et
260 929 417 1008 Amphion,
440 928 598 989 Thebanae
620 929 758 990 conditor
779 928 870 1000 urbis,

85 1016 157 1077 Saxa
180 1033 298 1075 movere
321 1033 395 1075 sono
418 1013 573 1074 testudinis
595 1024 624 1074 et
646 1032 735 1092 prece
757 1013 862 1074 blanda
1027 1021 1070 1072 000

89 1102 200 1161 Ducere
223 1118 283 1178 quo
305 1098 401 1159 vellet.
446 1098 512 1159 Fuit
535 1098 605 1160 baec
628 1099 771 1178 sapientia
794 1097 952 1177 quondam,

87 1185 205 1246 Publica
226 1184 346 1264 privatis
368 1202 532 1255 secernere,
555 1201 637 1244 00000
659 1185 802 1264 profanis,

87 1269 252 1332 Concubitu
275 1268 434 1348 prohibere
456 1286 537 1347 0030,
561 1268 629 1329 dare
652 1270 715 1329 iura
739 1269 859 1342 maritis,

88 1354 202 1435 Oppida
225 1354 331 1426 moliri,
354 1355 434 1432 10300
456 1353 587 1414 incidere
610 1355 706 1434 ligno:

88 1442 135 1502 Sic
157 1442 256 1500 honor
278 1449 307 1499 et
330 1458 437 1500 nomen
463 1437 566 1501 divinis
588 1441 701 1500 vatibus
722 1449 810 1518 atque
1028 1446 1070 1497 400

29 1575 37 1583 .
86 1525 271 1587 Carminibus
292 1525 380 1585 venit.
425 1525 496 1585 Post
517 1525 572 1586 hos
594 1525 719 1604 insignis
742 1525 888 1586 Homerus

85 1612 288 1691 Tyrtaeusque
310 1610 398 1670 maris
421 1609 535 1670 animos
557 1611 587 1670 in
611 1610 712 1670 Martia
735 1609 809 1671 bella

85 1695 226 1756 Versibus
248 1694 377 1769 exacuit3
401 1694 495 1756 dictae
518 1713 570 1775 per
593 1696 722 1756 carmina
745 1704 849 1756 sortes.

85 1781 123 1841 Et
143 1781 218 1840 vitae
240 1789 402 1840 monstrata
425 1781 468 1840 via
489 1790 534 1841 est
556 1790 586 1841 et
608 1781 700 1859 300010
722 1798 825 1859 regum

86 1865 190 1926 Pieriis
212 1873 352 1943 temptata
375 1864 470 1926 modis
492 1864 637 1944 ludusque
660 1875 796 1944 repertus
1027 1869 1070 1920 400

86 1951 123 2010 Et
144 1951 302 2028 longorum
327 1967 449 2028 operum
473 1951 557 2011 dois:
582 1969 619 2012 ne
643 1951 717 2011 lorte
739 1950 845 2030 pudori

87 2036 130 2096 Sit
151 2034 204 2095 tibi
227 2034 309 2095 lllusa
332 2034 412 2114 lyrae
434 2035 538 2096 sollers
561 2044 590 2095 00
612 2045 717 2097 cantor
739 2035 854 2114 Apollo.
877 2066 917 2078 -

85 2121 194 2181 Natura
217 2121 303 2180 00000
324 2118 468 2181 laudabile
491 2139 610 2181 carmen
634 2139 670 2181 an
693 2131 765 2192 arte,

87 2205 257 2275 Quaesitum
281 2214 340 2278 000;
364 2223 418 2284 030
443 2224 498 2266 nec
520 2207 650 2267 studium
673 2207 737 2268 sine
759 2205 846 2267 divite
869 2222 942 2265 vena

87 2290 148 2351 Nec
170 2290 243 2350 rude
266 2290 334 2368 quid
358 2291 452 2369 prosit
474 2290 556 2352 video
580 2292 746 2369 ingenium3
770 2290 890 2352 alterius
912 2290 954 2352 sic
1028 2297 1071 2348 400

88 2375 184 2436 Altera
209 2375 304 2453 poscit
326 2394 412 2455 opem
435 2394 483 2436 res
506 2386 535 2436 et
557 2378 693 2438 coniurat
715 2377 817 2438 amice.
1176 2381 1177 2384 ’

89 2459 145 2530 Qui
167 2460 265 2521 studet
288 2468 415 2538 optatam
439 2478 529 2521 cursu
552 2462 726 2540 contingere
748 2470 866 2533 metam,

88 2544 175 2605 llulta
198 2544 264 2604 tulit
286 2546 413 2623 lecitque
435 2564 518 2625 puer,
541 2546 654 2606 sudarit
675 2555 704 2606 et
725 2546 798 2620 alsit,

88 2629 235 2690 Abstinuit
256 2629 372 2691 Venere
395 2639 424 2690 00
445 2630 528 2703 vino;
553 2631 602 2708 qui
625 2631 726 2710 Pythia
749 2640 846 2690 cantat

88 2714 220 2785 Tibicen,
244 2715 344 2776 didicit
366 2717 448 2795 prius
471 2716 663 2794 extimuitque
684 2715 865 2794 magistrum.
1028 2721 1072 2773 440

88 2800 173 2859 Nunc
196 2799 265 2860 satis
287 2811 331 2861 est
353 2800 460 2862 dixisse
478 2795 547 2881 <030
571 2801 644 2862 mira
666 2809 800 2880 poemata
822 2817 936 2880 pango;

90 2883 223 2963 Occupet
244 2894 406 2946 extremum
429 2886 557 2961 scabies;
580 2887 651 2947 mihi
673 2894 760 2965 turpe
782 2885 911 2963 relinqui
933 2893 986 2958 est,

89 2968 126 3027 Et
147 2968 225 3048 quod
250 2989 310 3031 non
334 2971 420 3031 didici
442 2991 513 3032 sane
536 2971 650 3033 nescire
673 2965 774 3032 lateri.³

88 3053 126 3113 Ut
147 3072 265 3133 praeco,
289 3055 323 3114 ad
346 3056 454 3117 mercis
476 3056 591 3118 turbam
616 3056 667 3135 qui
688 3057 768 3136 cogit
789 3054 937 3127 emendas,

88 3139 297 3200 Adsentatores
319 3139 401 3201 iubet
422 3141 457 3201 ad
481 3142 596 3202 lucrum
619 3143 661 3202 ire
684 3151 769 3222 poeta
1028 3147 1072 3199 400

89 3223 283 3304 11100003οἰ0,
306 3225 385 3286 dives
406 3226 510 3304 positis
532 3227 562 3287 in
585 3229 707 3288 faenore
730 3225 867 3289 nummis.

89 3309 119 3368 Si
141 3327 210 3370 vero
234 3317 288 3382 est,
313 3318 434 3371 unctum
458 3312 507 3390 qui
530 3322 610 3372 recte
632 3330 746 3391 ponere
768 3311 861 3392 possit

89 3393 126 3453 Et
148 3395 295 3473 spondere
317 3394 373 3456 levi
394 3414 449 3475 pro
472 3415 602 3476 paupere
625 3407 655 3458 et
676 3397 791 3476 eripere
813 3396 884 3457 atris

90 3478 205 3540 Litibus
228 3479 413 3559 implicitum,
436 3481 574 3556 mirabor,
597 3483 620 3544 si
643 3483 716 3544 sciet
737 3482 816 3543 inter

88 3562 216 3625 Noscere
239 3566 412 3626 mendacem
434 3584 596 3646 verumque
618 3567 719 3628 beatus
741 3567 876 3628 amicum.
1028 3570 1072 3622 404

88 3648 132 3708 Tu
155 3668 206 3710 seu
229 3649 350 3711 donaris
371 3668 424 3711 seu
447 3652 515 3729 quid
539 3651 650 3713 donare
671 3652 750 3714 voles
773 3652 831 3724 cui,

10 3784 204 3798 ,.....-----

88 3883 113 3918 υ.
132 3869 181 3920 393
199 3866 353 3935 rapidosque
380 3869 385 3930 l
412 3869 462 3921 394
489 3870 553 3922 arcis
578 3871 613 3935 (0)
640 3870 644 3937 Ι
672 3872 720 3922 407
751 3868 805 3937 lyra
832 3869 853 3921 1.
873 3869 900 3920 C.
926 3865 1037 3917 1000000
1063 3862 1069 3930 Ι
1095 3929 1097 3932 y

10 3941 50 3990 110
72 3935 155 4002 possit
171 3937 206 4001 (a)
223 3937 308 3991 Bentl.
325 3937 396 4003 1416
414 3951 461 3989 000
479 3937 514 4002 (0)
532 3938 704 4006 00001400
722 3939 784 3990 artis
801 3939 836 4004 (0)
854 3934 941 3989 Beati.
