2474 4440
484 238 674 291 samalach
692 240 712 292 ll
731 245 754 293 f.
1093 243 1153 304 177

167 410 365 490 Propositum,
388 429 457 491 pars
478 410 567 471 multa
591 419 680 485 natat,
703 412 791 472 modo
814 423 893 474 recta
916 432 1084 494 capessens,

167 495 320 558 Interdum
345 496 442 575 pravis
464 495 600 556 obnoxia.
645 496 740 575 Saepe
763 506 881 559 notatus

165 581 239 643 llum
262 581 359 644 tribus
379 581 492 655 anellis,
515 581 603 641 modo
626 580 705 642 laeva
729 581 846 643 Priscus
868 583 958 657 inani,

166 666 244 727 Vixit
265 666 438 746 inaequalis,
461 667 573 727 clavum
597 674 629 727 ut
651 675 779 727 mutaret
799 668 830 727 in
854 669 950 744 horas,
1127 683 1154 733 10

165 751 297 813 Aedibus
319 770 354 813 ex
377 752 491 830 magnis
512 751 609 812 subito
632 771 664 812 se
688 752 838 827 conderet,
860 754 940 814 unde

167 836 305 898 blundior
327 837 420 898 exiret
442 837 488 896 vix
510 834 667 896 libertinus
689 838 822 909 honeste,

166 921 226 981 lam
248 923 391 983 moechus
412 921 532 992 Romae,
556 921 612 980 iam
635 921 732 981 mallet
753 922 858 984 doetus
880 924 1002 986 Athenis

167 1005 280 1081 Vivere,
303 1007 473 1068 Vertumnis
496 1015 643 1084 quotquot
664 1016 735 1067 sunt
757 1016 844 1068 natus
865 1006 983 1086 iniquis.

167 1091 274 1152 Scurra
297 1091 481 1164 Volanerius,
502 1100 659 1170 postquam
682 1091 723 1151 illi
746 1092 820 1153 insta
843 1093 983 1172 cheragra
1126 1105 1154 1155 to

167 1176 310 1238 Contudit
331 1177 481 1248 articulos,
504 1176 554 1254 qui
576 1194 631 1254 pro
654 1194 686 1236 se
708 1176 827 1237 tolleret
848 1186 936 1257 atque

168 1260 299 1323 Mitteret
320 1261 350 1321 in
374 1262 505 1342 phimum
529 1260 613 1333 talos,
636 1262 772 1322 mercede
794 1263 901 1323 diurna

166 1346 353 1408 Conductum
378 1348 466 1426 pavit,
490 1355 600 1424 quanto
624 1346 810 1407 constantior
831 1348 923 1409 isdem

167 1431 201 1490 ln
224 1432 310 1504 vitiis,
333 1440 416 1493 tanto
439 1431 531 1492 levius
553 1431 643 1492 miser
665 1450 699 1491 ac
720 1432 803 1510 prior
825 1432 881 1506 ille,

167 1514 225 1586 Qui
247 1518 305 1577 iam
329 1526 481 1589 contento,
503 1517 561 1577 iam
583 1516 648 1576 laxo
672 1517 743 1576 fune
766 1514 897 1578 laborat.³
922 1552 961 1563 -
1126 1529 1155 1580 20
1199 1591 1200 1595 η

167 1600 234 1662 Non
257 1602 347 1676 dices,
369 1601 457 1662 hodie
480 1619 621 1679 quorsum
644 1602 715 1661 haec
738 1611 797 1661 tam
820 1602 920 1681 putida
943 1603 1075 1678 tendant,

168 1684 323 1747 Furcifer?
352 1679 409 1747 ‘Ad
424 1695 464 1758 te,
487 1677 624 1764 inquam?
656 1685 723 1756 Quo
738 1695 834 1765 pacto,
851 1687 1002 1766 pessime?
1026 1683 1154 1750 ‘Laudas

167 1768 328 1832 Fortunam
353 1782 383 1832 et
404 1789 503 1832 mores
525 1772 662 1849 antiquae
684 1770 780 1850 plebis
802 1780 831 1831 et
852 1771 938 1844 idem,

168 1855 267 1934 Siquis
289 1856 324 1917 ad
347 1857 395 1917 illa
418 1857 490 1918 dens
512 1856 611 1917 subito
633 1865 662 1916 te
685 1864 759 1935 agat,
783 1874 877 1935 usque
898 1876 1027 1932 recuses,

168 1940 226 2002 Aut
248 1941 316 2020 quia
340 1961 400 2002 non
423 1942 526 2014 sentis,
550 1942 627 2019 quod
651 1941 768 2015 clamas,
791 1943 900 2004 rectius
923 1962 995 2016 esse,
1124 1954 1154 2005 25

170 2028 225 2086 dut
247 2027 316 2105 qnia
339 2046 400 2088 non
424 2027 527 2087 firmus
548 2035 661 2086 rectum
685 2026 827 2102 defendis,
850 2036 880 2088 et
901 2029 1005 2090 haeres

170 2111 352 2191 Nequiquam
376 2130 469 2172 caeno
492 2112 616 2190 cupiens
638 2112 763 2172 evellere
785 2113 924 2192 plantam.

170 2194 280 2257 Romae
302 2215 353 2258 rus
376 2206 475 2275 optas;
499 2196 651 2257 absentem
674 2197 803 2258 rusticus
826 2199 929 2260 urbem

167 2280 257 2343 follis
280 2282 314 2342 ad
337 2292 414 2343 astra
437 2282 517 2343 levis.
562 2281 593 2340 Si
617 2300 761 2360 nusquam
785 2302 816 2345 es
838 2285 915 2344 forte
937 2294 1056 2346 vocatus

169 2367 210 2426 dd
233 2385 348 2441 cenam,
370 2368 472 2428 laudas
493 2384 630 2428 securum
653 2367 739 2429 holus
761 2386 804 2441 ae,
828 2369 907 2429 velut
929 2388 1053 2449 usquam
1125 2380 1154 2430 to

168 2449 289 2514 Vinctus
312 2471 370 2526 eas,
393 2453 484 2513 itate
507 2452 620 2512 felicem
644 2450 717 2513 dicis
739 2471 887 2531 amasque,

168 2535 252 2606 Quod
276 2556 422 2617 nusquam
445 2536 499 2598 tibi
520 2537 559 2598 sit
579 2537 759 2615 potandum;
783 2538 901 2599 iusserit
922 2539 957 2598 ad
980 2559 1012 2600 se

169 2617 323 2684 Maecenas
344 2641 444 2684 serum
467 2621 522 2683 sub
546 2622 658 2681 lumina
680 2622 776 2701 prima
795 2624 896 2682 venire

169 2704 343 2767 Convivam:
362 2700 498 2768 “nemon
522 2707 619 2766 oleum
642 2707 718 2766 feret
740 2705 843 2768 ocius?
867 2708 969 2785 ecquis

170 2787 302 2853 huditl''
327 2811 394 2853 eum
418 2811 524 2872 magno
548 2791 675 2853 blateras
697 2792 824 2853 clamore
846 2793 999 2871 fugisquc;
1127 2801 1156 2850 ³5

170 2874 293 2938 llulvius
316 2886 346 2938 et
366 2896 496 2950 scurrae,
519 2876 573 2937 tibi
596 2895 657 2936 non
681 2878 833 2938 referenda
857 2878 979 2956 precati,

170 2960 339 3023 Discedunt.
380 2956 523 3022 “Etenim
544 2963 640 3022 fateor
661 2955 735 3033 me,'’
761 2962 868 3023 dixerit
889 2961 937 3023 ille

166 3037 263 3109 “buci
285 3056 388 3108 ventre
410 3047 513 3120 levem,
537 3065 640 3108 nasum
664 3047 766 3108 nidore
789 3048 923 3127 supinor,

170 3128 345 3207 Imbecillus,
368 3133 459 3206 iners,
482 3132 577 3209 siquid
601 3133 651 3204 vis,
675 3132 756 3207 adde,
778 3135 901 3213 popino.

170 3214 212 3276 Tu
235 3236 304 3278 cum
326 3217 366 3280 sis
389 3217 467 3297 quod
491 3235 546 3296 ego
569 3225 598 3278 et
619 3217 750 3279 fortassis
773 3219 908 3297 nequior,
931 3217 1009 3277 ultro
1128 3227 1157 3276 to

170 3298 318 3364 lnsectere
341 3302 419 3364 velut
440 3303 553 3375 melior,
576 3303 867 3380 verbisque'decoris

173 3383 315 3448 Obvolvas
338 3384 483 3449 vitium?''
520 3386 608 3459 Quid,
632 3387 656 3448 si
679 3405 725 3447 me
747 3389 864 3450 stultior
886 3389 951 3468 ipso

171 3469 348 3551 Quingentis
370 3480 471 3552 empto
494 3471 640 3533 drachmis
661 3470 875 3550 deprenderis?
897 3476 981 3534 aufer

170 3553 213 3617 lle
234 3558 317 3619 voltu
339 3567 465 3633 terrere3
489 3575 609 3617 manum
633 3558 879 3636 stomachumque
901 3567 1012 3630 teneto,

108 3675 289 3704 &m
373 3673 376 3677 ,

172 3788 212 3843 Vll
227 3810 252 3844 o.
273 3795 306 3845 ta
325 3791 415 3845 doctor
430 3796 434 3855 1
452 3795 482 3843 lt
500 3792 666 3859 py(e.i)rgum
684 3793 719 3857 (a)
734 3790 739 3860 Ι
756 3794 787 3845 18
799 3793 867 3845 idem
882 3793 886 3859 Ι
904 3795 934 3846 19
947 3792 1028 3844 aerior
1040 3790 1085 3841 illo
1098 3791 1133 3853 (v)
1151 3789 1155 3855 l

108 3841 319 3928 ²⁰ltm..qnam
336 3865 362 3911 et
379 3862 558 3927 iam..quam
586 3859 591 3928 Ι
619 3862 649 3912 21
675 3860 745 3911 dices
763 3860 853 3927 hodie,
871 3862 906 3914 ol.
932 3862 937 3927 1
964 3863 1153 3925 ennumquam

106 3909 134 3977 tvl
145 3918 149 3984 t
161 3925 190 3978 34
206 3927 255 3980 feo
272 3929 307 3994 (υ)
323 3928 328 3996 ι
343 3931 374 3981 as
394 3929 509 3994 turisque
526 3929 570 3993 (=
586 3928 633 3992 aa)
648 3927 652 3995 ι
668 3930 700 3980 m
718 3929 774 3992 ipse

145 4011 247 4063 Horatius.
922 4014 952 4063 12
