<?xml version="1.0" encoding="UTF-8"?>
<!DOCTYPE html PUBLIC "-//W3C//DTD XHTML 1.0 Transitional//EN"
    "http://www.w3.org/TR/xhtml1/DTD/xhtml1-transitional.dtd">
<html xmlns="http://www.w3.org/1999/xhtml" xml:lang="en" lang="en">
 <head>
  <title>
</title>
<meta http-equiv="Content-Type" content="text/html;charset=utf-8" />
  <meta name='ocr-system' content='tesseract 3.04.00' />
  <meta name='ocr-capabilities' content='ocr_page ocr_carea ocr_par ocr_line ocrx_word'/>
</head>
<body>
  <div class='ocr_page' id='page_1' title='image "./qhoratiiflaccic00hertgoog_0035.png"; bbox 0 0 2474 4440; ppageno 0'>
   <div class='ocr_carea' id='block_1_1' title="bbox 477 206 799 259">
    <p class='ocr_par' dir='ltr' id='par_1_1' title="bbox 477 206 799 259">
     <span class='ocr_line' id='line_1_1' title="bbox 477 206 799 259; baseline -0.006 0"><span class='ocrx_word' id='word_1_1' title='bbox 477 206 677 259; x_wconf 81' lang='lat' dir='ltr'>GARlllNUlll</span> <span class='ocrx_word' id='word_1_2' title='bbox 699 209 740 259; x_wconf 85' lang='lat'>21.</span> <span class='ocrx_word' id='word_1_3' title='bbox 759 207 799 257; x_wconf 72' lang='grc'>22.</span> 
     </span>
    </p>
   </div>
   <div class='ocr_carea' id='block_1_2' title="bbox 609 377 675 436">
    <p class='ocr_par' dir='ltr' id='par_1_2' title="bbox 609 377 675 436">
     <span class='ocr_line' id='line_1_2' title="bbox 609 377 675 436; baseline 0 0"><span class='ocrx_word' id='word_1_4' title='bbox 609 377 675 436; x_wconf 75' lang='lat' dir='ltr'>xxi</span> 
     </span>
    </p>
   </div>
   <div class='ocr_carea' id='block_1_3' title="bbox 235 495 788 829">
    <p class='ocr_par' dir='ltr' id='par_1_3' title="bbox 235 495 788 829">
     <span class='ocr_line' id='line_1_3' title="bbox 235 495 753 571; baseline -0.01 -13"><span class='ocrx_word' id='word_1_5' title='bbox 235 498 358 559; x_wconf 85' lang='lat' dir='ltr'>Dianam</span> <span class='ocrx_word' id='word_1_6' title='bbox 375 508 496 558; x_wconf 80' lang='lat' dir='ltr'>tenerae</span> <span class='ocrx_word' id='word_1_7' title='bbox 512 496 599 556; x_wconf 87' lang='lat' dir='ltr'>dicite</span> <span class='ocrx_word' id='word_1_8' title='bbox 615 495 753 571; x_wconf 81' lang='lat' dir='ltr'>virgines,</span> 
     </span>
     <span class='ocr_line' id='line_1_4' title="bbox 236 579 788 661; baseline -0.007 -20"><span class='ocrx_word' id='word_1_9' title='bbox 236 583 401 654; x_wconf 82' lang='lat' dir='ltr'>intonsum,</span> <span class='ocrx_word' id='word_1_10' title='bbox 417 583 513 661; x_wconf 84' lang='lat' dir='ltr'>pueri,</span> <span class='ocrx_word' id='word_1_11' title='bbox 529 580 616 639; x_wconf 88' lang='lat' dir='ltr'>dicite</span> <span class='ocrx_word' id='word_1_12' title='bbox 632 579 788 658; x_wconf 75' lang='lat' dir='ltr'>Cynthium</span> 
     </span>
     <span class='ocr_line' id='line_1_5' title="bbox 284 668 642 746; baseline -0.008 -19"><span class='ocrx_word' id='word_1_13' title='bbox 284 668 486 746; x_wconf 81' lang='lat' dir='ltr'>Latonamque</span> <span class='ocrx_word' id='word_1_14' title='bbox 501 682 642 744; x_wconf 84' lang='lat' dir='ltr'>supremo</span> 
     </span>
     <span class='ocr_line' id='line_1_6' title="bbox 332 749 699 829; baseline -0.014 -17"><span class='ocrx_word' id='word_1_15' title='bbox 332 752 472 812; x_wconf 77' lang='lat' dir='ltr'>[illectam</span> <span class='ocrx_word' id='word_1_16' title='bbox 488 751 607 829; x_wconf 90' lang='lat' dir='ltr'>penitus</span> <span class='ocrx_word' id='word_1_17' title='bbox 622 749 699 819; x_wconf 84' lang='lat' dir='ltr'>lou&#39;;</span> 
     </span>
    </p>
   </div>
   <div class='ocr_carea' id='block_1_4' title="bbox 178 887 904 1216">
    <p class='ocr_par' dir='ltr' id='par_1_4' title="bbox 178 887 904 1216">
     <span class='ocr_line' id='line_1_7' title="bbox 178 887 848 952; baseline -0.01 -5"><span class='ocrx_word' id='word_1_18' title='bbox 178 900 193 947; x_wconf 80' lang='lat'><strong>5</strong></span> <span class='ocrx_word' id='word_1_19' title='bbox 236 887 294 947; x_wconf 88' lang='lat' dir='ltr'>Vos</span> <span class='ocrx_word' id='word_1_20' title='bbox 308 887 413 948; x_wconf 88' lang='lat' dir='ltr'>laetam</span> <span class='ocrx_word' id='word_1_21' title='bbox 428 887 523 947; x_wconf 87' lang='lat' dir='ltr'>lluviis</span> <span class='ocrx_word' id='word_1_22' title='bbox 538 897 567 947; x_wconf 89' lang='lat' dir='ltr'>et</span> <span class='ocrx_word' id='word_1_23' title='bbox 583 903 739 946; x_wconf 90' lang='lat' dir='ltr'>nemorum</span> <span class='ocrx_word' id='word_1_24' title='bbox 755 900 848 952; x_wconf 85' lang='lat' dir='ltr'>coma,</span> 
     </span>
     <span class='ocr_line' id='line_1_8' title="bbox 237 966 904 1050; baseline -0.013 -17"><span class='ocrx_word' id='word_1_25' title='bbox 237 971 446 1050; x_wconf 82' lang='lat' dir='ltr'>Quaecumque</span> <span class='ocrx_word' id='word_1_26' title='bbox 462 981 512 1031; x_wconf 89' lang='lat' dir='ltr'>aut</span> <span class='ocrx_word' id='word_1_27' title='bbox 526 971 622 1049; x_wconf 87' lang='lat' dir='ltr'>gelido</span> <span class='ocrx_word' id='word_1_28' title='bbox 638 971 788 1049; x_wconf 88' lang='lat' dir='ltr'>prominet</span> <span class='ocrx_word' id='word_1_29' title='bbox 802 966 904 1044; x_wconf 76' lang='lat' dir='ltr'>Algido</span> 
     </span>
     <span class='ocr_line' id='line_1_9' title="bbox 281 1054 632 1135; baseline -0.006 -19"><span class='ocrx_word' id='word_1_30' title='bbox 281 1056 380 1135; x_wconf 78' lang='lat' dir='ltr'>Nigris</span> <span class='ocrx_word' id='word_1_31' title='bbox 395 1066 445 1116; x_wconf 92' lang='lat' dir='ltr'>aut</span> <span class='ocrx_word' id='word_1_32' title='bbox 460 1054 632 1135; x_wconf 77' lang='lat' dir='ltr'>Erymanthi</span> 
     </span>
     <span class='ocr_line' id='line_1_10' title="bbox 333 1139 706 1216; baseline -0.008 -15"><span class='ocrx_word' id='word_1_33' title='bbox 333 1141 417 1202; x_wconf 82' lang='lat' dir='ltr'>Silvis</span> <span class='ocrx_word' id='word_1_34' title='bbox 433 1149 482 1200; x_wconf 91' lang='lat' dir='ltr'>aut</span> <span class='ocrx_word' id='word_1_35' title='bbox 497 1140 595 1200; x_wconf 87' lang='lat' dir='ltr'>viridis</span> <span class='ocrx_word' id='word_1_36' title='bbox 611 1139 706 1216; x_wconf 84' lang='lat' dir='ltr'>Gragi,</span> 
     </span>
    </p>
   </div>
   <div class='ocr_carea' id='block_1_5' title="bbox 167 1271 829 1606">
    <p class='ocr_par' dir='ltr' id='par_1_5' title="bbox 167 1271 829 1606">
     <span class='ocr_line' id='line_1_11' title="bbox 237 1271 815 1354; baseline -0.009 -17"><span class='ocrx_word' id='word_1_37' title='bbox 237 1279 295 1337; x_wconf 89' lang='lat' dir='ltr'>Vos</span> <span class='ocrx_word' id='word_1_38' title='bbox 310 1277 421 1354; x_wconf 83' lang='lat' dir='ltr'>Tempe</span> <span class='ocrx_word' id='word_1_39' title='bbox 436 1276 557 1335; x_wconf 88' lang='lat' dir='ltr'>totidem</span> <span class='ocrx_word' id='word_1_40' title='bbox 573 1274 665 1334; x_wconf 89' lang='lat' dir='ltr'>tollite</span> <span class='ocrx_word' id='word_1_41' title='bbox 681 1271 815 1333; x_wconf 84' lang='lat' dir='ltr'>laudibus</span> 
     </span>
     <span class='ocr_line' id='line_1_12' title="bbox 167 1357 829 1437; baseline -0.008 -15"><span class='ocrx_word' id='word_1_42' title='bbox 167 1372 195 1422; x_wconf 86' lang='lat' dir='ltr'>to</span> <span class='ocrx_word' id='word_1_43' title='bbox 238 1361 438 1437; x_wconf 87' lang='lat' dir='ltr'>Natalemque‚</span> <span class='ocrx_word' id='word_1_44' title='bbox 454 1378 559 1429; x_wconf 88' lang='lat' dir='ltr'>mares,</span> <span class='ocrx_word' id='word_1_45' title='bbox 575 1359 668 1419; x_wconf 83' lang='lat' dir='ltr'>Delon</span> <span class='ocrx_word' id='word_1_46' title='bbox 685 1357 829 1435; x_wconf 76' lang='lat' dir='ltr'>Apollinis</span> 
     </span>
     <span class='ocr_line' id='line_1_13' title="bbox 283 1443 644 1523; baseline -0.011 -18"><span class='ocrx_word' id='word_1_47' title='bbox 283 1445 493 1523; x_wconf 82' lang='lat' dir='ltr'>Insignemque</span> <span class='ocrx_word' id='word_1_48' title='bbox 508 1443 644 1522; x_wconf 90' lang='lat' dir='ltr'>pharetra</span> 
     </span>
     <span class='ocr_line' id='line_1_14' title="bbox 335 1527 771 1606; baseline -0.009 -18"><span class='ocrx_word' id='word_1_49' title='bbox 335 1529 535 1606; x_wconf 82' lang='lat' dir='ltr'>Fraternaque</span> <span class='ocrx_word' id='word_1_50' title='bbox 550 1545 685 1587; x_wconf 89' lang='lat' dir='ltr'>umerum</span> <span class='ocrx_word' id='word_1_51' title='bbox 701 1527 771 1605; x_wconf 80' lang='lat' dir='ltr'>lyra.</span> 
     </span>
    </p>
   </div>
   <div class='ocr_carea' id='block_1_6' title="bbox 168 1662 969 1997">
    <p class='ocr_par' dir='ltr' id='par_1_6' title="bbox 168 1662 969 1997">
     <span class='ocr_line' id='line_1_15' title="bbox 238 1662 969 1732; baseline -0.003 -7"><span class='ocrx_word' id='word_1_52' title='bbox 238 1665 293 1725; x_wconf 89' lang='lat' dir='ltr'>llic</span> <span class='ocrx_word' id='word_1_53' title='bbox 309 1664 417 1723; x_wconf 87' lang='lat' dir='ltr'>bellum</span> <span class='ocrx_word' id='word_1_54' title='bbox 433 1663 630 1732; x_wconf 87' lang='lat' dir='ltr'>lacrimosum,</span> <span class='ocrx_word' id='word_1_55' title='bbox 647 1662 694 1721; x_wconf 88' lang='lat' dir='ltr'>hic</span> <span class='ocrx_word' id='word_1_56' title='bbox 710 1662 845 1722; x_wconf 89' lang='lat' dir='ltr'>miseram</span> <span class='ocrx_word' id='word_1_57' title='bbox 861 1664 969 1724; x_wconf 82' lang='lat' dir='ltr'>samem</span> 
     </span>
     <span class='ocr_line' id='line_1_16' title="bbox 238 1746 948 1827; baseline -0.003 -17"><span class='ocrx_word' id='word_1_58' title='bbox 238 1749 412 1825; x_wconf 85' lang='lat' dir='ltr'>Pestemque</span> <span class='ocrx_word' id='word_1_59' title='bbox 428 1766 443 1806; x_wconf 91' lang='lat' dir='ltr'>a</span> <span class='ocrx_word' id='word_1_60' title='bbox 459 1748 570 1827; x_wconf 90' lang='lat' dir='ltr'>populo</span> <span class='ocrx_word' id='word_1_61' title='bbox 586 1756 615 1806; x_wconf 88' lang='lat' dir='ltr'>et</span> <span class='ocrx_word' id='word_1_62' title='bbox 630 1746 766 1825; x_wconf 82' lang='lat' dir='ltr'>principe</span> <span class='ocrx_word' id='word_1_63' title='bbox 781 1746 904 1808; x_wconf 85' lang='lat' dir='ltr'>Caesare</span> <span class='ocrx_word' id='word_1_64' title='bbox 919 1748 948 1808; x_wconf 94' lang='lat' dir='ltr'>in</span> 
     </span>
     <span class='ocr_line' id='line_1_17' title="bbox 168 1830 666 1908; baseline -0.002 -14"><span class='ocrx_word' id='word_1_65' title='bbox 168 1844 196 1894; x_wconf 75' lang='lat' dir='ltr'>lt</span> <span class='ocrx_word' id='word_1_66' title='bbox 284 1833 388 1892; x_wconf 86' lang='lat' dir='ltr'>Persas</span> <span class='ocrx_word' id='word_1_67' title='bbox 403 1841 492 1908; x_wconf 90' lang='lat' dir='ltr'>atque</span> <span class='ocrx_word' id='word_1_68' title='bbox 507 1830 666 1893; x_wconf 90' lang='lat' dir='ltr'>Britannos</span> 
     </span>
     <span class='ocr_line' id='line_1_18' title="bbox 337 1916 746 1997; baseline 0.01 -24"><span class='ocrx_word' id='word_1_69' title='bbox 337 1916 438 1977; x_wconf 91' lang='lat' dir='ltr'>Vestra</span> <span class='ocrx_word' id='word_1_70' title='bbox 454 1926 552 1976; x_wconf 91' lang='lat' dir='ltr'>motus</span> <span class='ocrx_word' id='word_1_71' title='bbox 568 1926 634 1995; x_wconf 87' lang='lat' dir='ltr'>aget</span> <span class='ocrx_word' id='word_1_72' title='bbox 649 1935 746 1997; x_wconf 88' lang='lat' dir='ltr'>prece.</span> 
     </span>
    </p>
   </div>
   <div class='ocr_carea' id='block_1_7' title="bbox 574 2118 724 2130">
    <p class='ocr_par' dir='ltr' id='par_1_7' title="bbox 574 2118 724 2130">
     <span class='ocr_line' id='line_1_19' title="bbox 574 2118 724 2130; baseline 0.007 -1"><span class='ocrx_word' id='word_1_73' title='bbox 574 2118 724 2130; x_wconf 74' lang='lat'><em>——-—</em></span> 
     </span>
    </p>
   </div>
   <div class='ocr_carea' id='block_1_8' title="bbox 611 2270 690 2330">
    <p class='ocr_par' dir='ltr' id='par_1_8' title="bbox 611 2270 690 2330">
     <span class='ocr_line' id='line_1_20' title="bbox 611 2270 690 2330; baseline -0.025 0"><span class='ocrx_word' id='word_1_74' title='bbox 611 2270 690 2330; x_wconf 84' lang='lat' dir='ltr'>XXll</span> 
     </span>
    </p>
   </div>
   <div class='ocr_carea' id='block_1_9' title="bbox 239 2385 826 2717">
    <p class='ocr_par' dir='ltr' id='par_1_9' title="bbox 240 2385 752 2467">
     <span class='ocr_line' id='line_1_21' title="bbox 240 2385 752 2467; baseline 0.002 -18"><span class='ocrx_word' id='word_1_75' title='bbox 240 2389 360 2465; x_wconf 81' lang='lat' dir='ltr'>Integer</span> <span class='ocrx_word' id='word_1_76' title='bbox 375 2385 448 2445; x_wconf 86' lang='lat' dir='ltr'>vitae</span> <span class='ocrx_word' id='word_1_77' title='bbox 464 2387 643 2466; x_wconf 87' lang='lat' dir='ltr'>scelerisque</span> <span class='ocrx_word' id='word_1_78' title='bbox 657 2408 752 2467; x_wconf 91' lang='lat' dir='ltr'>purus</span> 
     </span>
    </p>

    <p class='ocr_par' dir='ltr' id='par_1_10' title="bbox 239 2470 826 2551">
     <span class='ocr_line' id='line_1_22' title="bbox 239 2470 826 2551; baseline -0.002 -17"><span class='ocrx_word' id='word_1_79' title='bbox 239 2474 305 2534; x_wconf 92' lang='lat' dir='ltr'>Non</span> <span class='ocrx_word' id='word_1_80' title='bbox 322 2480 388 2547; x_wconf 83' lang='lat' dir='ltr'>eget</span> <span class='ocrx_word' id='word_1_81' title='bbox 403 2470 513 2532; x_wconf 88' lang='lat' dir='ltr'>lllauris</span> <span class='ocrx_word' id='word_1_82' title='bbox 527 2471 628 2534; x_wconf 87' lang='lat' dir='ltr'>iaculis</span> <span class='ocrx_word' id='word_1_83' title='bbox 644 2492 740 2551; x_wconf 90' lang='lat' dir='ltr'>neque</span> <span class='ocrx_word' id='word_1_84' title='bbox 754 2492 826 2533; x_wconf 91' lang='lat' dir='ltr'>arcu</span> 
     </span>
    </p>

    <p class='ocr_par' dir='ltr' id='par_1_11' title="bbox 240 2555 736 2717">
     <span class='ocr_line' id='line_1_23' title="bbox 240 2555 736 2637; baseline 0.002 -19"><span class='ocrx_word' id='word_1_85' title='bbox 240 2558 302 2618; x_wconf 90' lang='lat' dir='ltr'>Nec</span> <span class='ocrx_word' id='word_1_86' title='bbox 317 2555 467 2616; x_wconf 86' lang='lat' dir='ltr'>venenatis</span> <span class='ocrx_word' id='word_1_87' title='bbox 482 2557 599 2634; x_wconf 88' lang='lat' dir='ltr'>gravida</span> <span class='ocrx_word' id='word_1_88' title='bbox 614 2559 736 2637; x_wconf 81' lang='lat' dir='ltr'>sagittis,</span> 
     </span>
     <span class='ocr_line' id='line_1_24' title="bbox 318 2639 586 2717; baseline 0.015 -19"><span class='ocrx_word' id='word_1_89' title='bbox 318 2639 422 2713; x_wconf 82' lang='lat' dir='ltr'>Fusco,</span> <span class='ocrx_word' id='word_1_90' title='bbox 439 2641 586 2717; x_wconf 86' lang='lat' dir='ltr'>pharetra,</span> 
     </span>
    </p>
   </div>
   <div class='ocr_carea' id='block_1_10' title="bbox 184 2776 796 3111">
    <p class='ocr_par' dir='ltr' id='par_1_12' title="bbox 184 2776 796 3024">
     <span class='ocr_line' id='line_1_25' title="bbox 184 2776 724 2857; baseline 0.002 -20"><span class='ocrx_word' id='word_1_91' title='bbox 184 2789 198 2837; x_wconf 77' lang='lat'><strong>5</strong></span> <span class='ocrx_word' id='word_1_92' title='bbox 242 2776 308 2837; x_wconf 88' lang='lat' dir='ltr'>Sive</span> <span class='ocrx_word' id='word_1_93' title='bbox 325 2795 380 2856; x_wconf 89' lang='lat' dir='ltr'>per</span> <span class='ocrx_word' id='word_1_94' title='bbox 395 2778 489 2857; x_wconf 79' lang='lat' dir='ltr'>Syrtis</span> <span class='ocrx_word' id='word_1_95' title='bbox 504 2778 560 2836; x_wconf 89' lang='lat' dir='ltr'>iter</span> <span class='ocrx_word' id='word_1_96' title='bbox 575 2785 724 2838; x_wconf 87' lang='lat' dir='ltr'>aestuosas</span> 
     </span>
     <span class='ocr_line' id='line_1_26' title="bbox 241 2861 748 2940; baseline -0.002 -19"><span class='ocrx_word' id='word_1_97' title='bbox 241 2861 307 2921; x_wconf 89' lang='lat' dir='ltr'>Sive</span> <span class='ocrx_word' id='word_1_98' title='bbox 325 2863 457 2923; x_wconf 84' lang='lat' dir='ltr'>facturus</span> <span class='ocrx_word' id='word_1_99' title='bbox 472 2880 526 2940; x_wconf 89' lang='lat' dir='ltr'>per</span> <span class='ocrx_word' id='word_1_100' title='bbox 541 2862 748 2940; x_wconf 86' lang='lat' dir='ltr'>inhospitalem</span> 
     </span>
     <span class='ocr_line' id='line_1_27' title="bbox 242 2946 796 3024; baseline 0.002 -18"><span class='ocrx_word' id='word_1_101' title='bbox 242 2946 402 3008; x_wconf 87' lang='lat' dir='ltr'>Caucasum</span> <span class='ocrx_word' id='word_1_102' title='bbox 418 2948 462 3006; x_wconf 89' lang='lat' dir='ltr'>vel</span> <span class='ocrx_word' id='word_1_103' title='bbox 479 2965 553 3024; x_wconf 89' lang='lat' dir='ltr'>quae</span> <span class='ocrx_word' id='word_1_104' title='bbox 568 2946 630 3007; x_wconf 90' lang='lat' dir='ltr'>loca</span> <span class='ocrx_word' id='word_1_105' title='bbox 646 2947 796 3007; x_wconf 84' lang='lat' dir='ltr'>fabulosus</span> 
     </span>
    </p>

    <p class='ocr_par' dir='ltr' id='par_1_13' title="bbox 318 3031 608 3111">
     <span class='ocr_line' id='line_1_28' title="bbox 318 3031 608 3111; baseline -0.003 -20"><span class='ocrx_word' id='word_1_106' title='bbox 318 3031 433 3092; x_wconf 77' lang='lat' dir='ltr'>lambit</span> <span class='ocrx_word' id='word_1_107' title='bbox 448 3031 608 3111; x_wconf 81' lang='lat' dir='ltr'>Hydaspes.</span> 
     </span>
    </p>
   </div>
   <div class='ocr_carea' id='block_1_11' title="bbox 173 3165 811 3499">
    <p class='ocr_par' dir='ltr' id='par_1_14' title="bbox 173 3165 811 3499">
     <span class='ocr_line' id='line_1_29' title="bbox 243 3165 806 3245; baseline -0.002 -19"><span class='ocrx_word' id='word_1_108' title='bbox 243 3167 375 3245; x_wconf 91' lang='lat' dir='ltr'>Namque</span> <span class='ocrx_word' id='word_1_109' title='bbox 392 3185 439 3226; x_wconf 92' lang='lat' dir='ltr'>me</span> <span class='ocrx_word' id='word_1_110' title='bbox 454 3167 523 3227; x_wconf 87' lang='lat' dir='ltr'>silva</span> <span class='ocrx_word' id='word_1_111' title='bbox 539 3168 626 3245; x_wconf 92' lang='lat' dir='ltr'>lupus</span> <span class='ocrx_word' id='word_1_112' title='bbox 641 3167 670 3226; x_wconf 95' lang='lat' dir='ltr'>in</span> <span class='ocrx_word' id='word_1_113' title='bbox 689 3165 806 3236; x_wconf 82' lang='lat' dir='ltr'>Sabina,</span> 
     </span>
     <span class='ocr_line' id='line_1_30' title="bbox 173 3250 811 3330; baseline 0 -21"><span class='ocrx_word' id='word_1_114' title='bbox 173 3261 201 3309; x_wconf 88' lang='lat'>10</span> <span class='ocrx_word' id='word_1_115' title='bbox 244 3250 320 3311; x_wconf 88' lang='lat' dir='ltr'>Dum</span> <span class='ocrx_word' id='word_1_116' title='bbox 336 3270 430 3312; x_wconf 87' lang='lat' dir='ltr'>meam</span> <span class='ocrx_word' id='word_1_117' title='bbox 447 3260 533 3311; x_wconf 87' lang='lat' dir='ltr'>canto</span> <span class='ocrx_word' id='word_1_118' title='bbox 549 3252 675 3330; x_wconf 81' lang='lat' dir='ltr'>Lalagen</span> <span class='ocrx_word' id='word_1_119' title='bbox 693 3267 721 3311; x_wconf 89' lang='lat' dir='ltr'>et</span> <span class='ocrx_word' id='word_1_120' title='bbox 736 3251 811 3310; x_wconf 90' lang='lat' dir='ltr'>ultra</span> 
     </span>
     <span class='ocr_line' id='line_1_31' title="bbox 244 3334 783 3415; baseline 0.006 -22"><span class='ocrx_word' id='word_1_121' title='bbox 244 3334 415 3396; x_wconf 87' lang='lat' dir='ltr'>Terminum</span> <span class='ocrx_word' id='word_1_122' title='bbox 432 3337 511 3397; x_wconf 91' lang='lat' dir='ltr'>curis</span> <span class='ocrx_word' id='word_1_123' title='bbox 526 3355 615 3414; x_wconf 87' lang='lat' dir='ltr'>vagor</span> <span class='ocrx_word' id='word_1_124' title='bbox 631 3336 783 3415; x_wconf 83' lang='lat' dir='ltr'>expeditis,</span> 
     </span>
     <span class='ocr_line' id='line_1_32' title="bbox 320 3419 573 3499; baseline 0.012 -21"><span class='ocrx_word' id='word_1_125' title='bbox 320 3419 406 3499; x_wconf 83' lang='lat' dir='ltr'>Fugit</span> <span class='ocrx_word' id='word_1_126' title='bbox 420 3420 573 3493; x_wconf 82' lang='lat' dir='ltr'>inermem,</span> 
     </span>
    </p>
   </div>
   <div class='ocr_carea' id='block_1_12' title="bbox 115 3553 320 3565">
    <p class='ocr_par' dir='ltr' id='par_1_15' title="bbox 115 3553 320 3565">
     <span class='ocr_line' id='line_1_33' title="bbox 115 3553 320 3565; baseline -0.015 -2"><span class='ocrx_word' id='word_1_127' title='bbox 115 3553 320 3565; x_wconf 79' lang='lat'>-----—-</span> 
     </span>
    </p>
   </div>
   <div class='ocr_carea' id='block_1_13' title="bbox 117 3667 1169 3941">
    <p class='ocr_par' dir='ltr' id='par_1_16' title="bbox 118 3667 1169 3799">
     <span class='ocr_line' id='line_1_34' title="bbox 205 3667 1169 3737; baseline 0.003 -17"><span class='ocrx_word' id='word_1_128' title='bbox 205 3668 260 3720; x_wconf 89' lang='lat' dir='ltr'>lllll</span> <span class='ocrx_word' id='word_1_129' title='bbox 278 3686 302 3722; x_wconf 89' lang='lat' dir='ltr'>o.</span> <span class='ocrx_word' id='word_1_130' title='bbox 322 3672 337 3720; x_wconf 81' lang='lat'>5</span> <span class='ocrx_word' id='word_1_131' title='bbox 356 3683 453 3720; x_wconf 91' lang='lat' dir='ltr'>comam</span> <span class='ocrx_word' id='word_1_132' title='bbox 478 3667 483 3735; x_wconf 85' lang='grc'>1</span> <span class='ocrx_word' id='word_1_133' title='bbox 509 3670 671 3723; x_wconf 70' lang='lat' dir='ltr'>llbumeros</span> <span class='ocrx_word' id='word_1_134' title='bbox 690 3675 721 3723; x_wconf 83' lang='lat' dir='ltr'>ol.</span> <span class='ocrx_word' id='word_1_135' title='bbox 742 3671 799 3720; x_wconf 84' lang='grc' dir='ltr'>Η-Ρ</span> <span class='ocrx_word' id='word_1_136' title='bbox 820 3669 825 3737; x_wconf 82' lang='lat' dir='ltr'>l</span> <span class='ocrx_word' id='word_1_137' title='bbox 851 3673 881 3723; x_wconf 85' lang='lat'>13</span> <span class='ocrx_word' id='word_1_138' title='bbox 901 3669 964 3721; x_wconf 87' lang='lat' dir='ltr'>haec</span> <span class='ocrx_word' id='word_1_139' title='bbox 982 3669 1081 3723; x_wconf 90' lang='lat' dir='ltr'>bellum</span> <span class='ocrx_word' id='word_1_140' title='bbox 1101 3676 1169 3729; x_wconf 66' lang='grc' dir='ltr'>θη),</span> 
     </span>
     <span class='ocr_line' id='line_1_35' title="bbox 118 3737 884 3799; baseline -0.004 -12"><span class='ocrx_word' id='word_1_141' title='bbox 118 3739 211 3788; x_wconf 76' lang='lat' dir='ltr'>molius</span> <span class='ocrx_word' id='word_1_142' title='bbox 229 3742 294 3786; x_wconf 84' lang='lat' dir='ltr'>toste</span> <span class='ocrx_word' id='word_1_143' title='bbox 313 3737 362 3799; x_wconf 89' lang='lat' dir='ltr'>OK,</span> <span class='ocrx_word' id='word_1_144' title='bbox 382 3737 466 3786; x_wconf 83' lang='lat' dir='ltr'>Bentl.</span> <span class='ocrx_word' id='word_1_145' title='bbox 882 3743 884 3749; x_wconf 83' lang='grc'>’</span> 
     </span>
    </p>

    <p class='ocr_par' dir='ltr' id='par_1_17' title="bbox 117 3803 1169 3941">
     <span class='ocr_line' id='line_1_36' title="bbox 202 3803 1169 3868; baseline 0.01 -13"><span class='ocrx_word' id='word_1_146' title='bbox 202 3804 268 3855; x_wconf 86' lang='lat' dir='ltr'>llllll</span> <span class='ocrx_word' id='word_1_147' title='bbox 287 3820 310 3856; x_wconf 90' lang='lat' dir='ltr'>v.</span> <span class='ocrx_word' id='word_1_148' title='bbox 329 3806 344 3854; x_wconf 82' lang='lat'>2</span> <span class='ocrx_word' id='word_1_149' title='bbox 362 3803 442 3855; x_wconf 84' lang='lat' dir='ltr'>Mauri</span> <span class='ocrx_word' id='word_1_150' title='bbox 461 3807 495 3867; x_wconf 81' lang='lat' dir='ltr'>(v)</span> <span class='ocrx_word' id='word_1_151' title='bbox 511 3806 515 3865; x_wconf 82' lang='grc' dir='ltr'>Ι</span> <span class='ocrx_word' id='word_1_152' title='bbox 532 3807 545 3855; x_wconf 74' lang='lat' dir='ltr'>*l</span> <span class='ocrx_word' id='word_1_153' title='bbox 564 3805 706 3868; x_wconf 81' lang='lat' dir='ltr'>fabulosus]</span> <span class='ocrx_word' id='word_1_154' title='bbox 719 3832 753 3851; x_wconf 84' lang='lat'>==</span> <span class='ocrx_word' id='word_1_155' title='bbox 765 3806 838 3858; x_wconf 72' lang='lat' dir='ltr'>boot.</span> <span class='ocrx_word' id='word_1_156' title='bbox 855 3810 917 3859; x_wconf 77' lang='lat' dir='ltr'>inat.</span> <span class='ocrx_word' id='word_1_157' title='bbox 937 3806 990 3859; x_wconf 77' lang='lat' dir='ltr'>dio.</span> <span class='ocrx_word' id='word_1_158' title='bbox 1010 3805 1032 3855; x_wconf 88' lang='lat' dir='ltr'>V</span> <span class='ocrx_word' id='word_1_159' title='bbox 1053 3811 1101 3862; x_wconf 83' lang='lat'>17:</span> <span class='ocrx_word' id='word_1_160' title='bbox 1120 3811 1169 3865; x_wconf 44' lang='lat' dir='ltr'>tab*</span> 
     </span>
     <span class='ocr_line' id='line_1_37' title="bbox 117 3872 994 3941; baseline 0.005 -19"><span class='ocrx_word' id='word_1_161' title='bbox 117 3872 171 3924; x_wconf 88' lang='lat' dir='ltr'>losa</span> <span class='ocrx_word' id='word_1_162' title='bbox 192 3875 213 3935; x_wconf 88' lang='lat' dir='ltr'>(s</span> <span class='ocrx_word' id='word_1_163' title='bbox 232 3877 258 3922; x_wconf 81' lang='lat' dir='ltr'>at</span> <span class='ocrx_word' id='word_1_164' title='bbox 275 3887 288 3922; x_wconf 92' lang='lat' dir='ltr'>a</span> <span class='ocrx_word' id='word_1_165' title='bbox 307 3888 342 3926; x_wconf 86' lang='lat' dir='ltr'>m.</span> <span class='ocrx_word' id='word_1_166' title='bbox 362 3875 387 3936; x_wconf 82' lang='lat'>2)</span> <span class='ocrx_word' id='word_1_167' title='bbox 405 3872 480 3922; x_wconf 84' lang='lat' dir='ltr'>Loct.</span> <span class='ocrx_word' id='word_1_168' title='bbox 498 3873 555 3925; x_wconf 87' lang='lat' dir='ltr'>cod.</span> <span class='ocrx_word' id='word_1_169' title='bbox 573 3877 633 3926; x_wconf 82' lang='lat' dir='ltr'>Por.</span> <span class='ocrx_word' id='word_1_170' title='bbox 655 3875 740 3941; x_wconf 84' lang='grc'><strong>16641</strong></span> <span class='ocrx_word' id='word_1_171' title='bbox 758 3878 785 3926; x_wconf 87' lang='grc'>11</span> <span class='ocrx_word' id='word_1_172' title='bbox 807 3874 941 3941; x_wconf 83' lang='lat' dir='ltr'>expeditus</span> <span class='ocrx_word' id='word_1_173' title='bbox 959 3876 994 3939; x_wconf 88' lang='lat' dir='ltr'>(o)</span> 
     </span>
    </p>
   </div>
   <div class='ocr_carea' id='block_1_14' title="bbox 0 0 1254 4440">
    <p class='ocr_par' dir='ltr' id='par_1_18' title="bbox 0 0 1254 4440">
     <span class='ocr_line' id='line_1_38' title="bbox 0 0 1254 4440; baseline 0 0"><span class='ocrx_word' id='word_1_174' title='bbox 0 0 1254 4440; x_wconf 95' lang='lat' dir='ltr'> </span> 
     </span>
    </p>
   </div>
  </div>
 </body>
</html>
