2474 4440
490 232 722 286 EPISTULARUM
739 233 748 286 l
768 237 807 288 19.

200 404 283 475 Quae
305 405 479 465 scribuntur
501 424 593 483 aquae
615 406 780 485 potoribus.
826 407 864 466 Ut
885 407 961 467 male
983 426 1075 471 sanos

199 489 360 568 Adseripsit
382 489 470 551 Liber
492 490 604 570 Satyris
626 490 794 569 Faunisque
816 502 928 570 poetas,

200 573 273 634 Vina
296 575 358 634 lere
381 574 481 636 dulces
504 576 644 636 oluerunt
665 594 752 637 mane
776 575 935 652 Camenae3

200 658 350 720 Laudibus
371 661 504 739 arguitur
526 660 584 721 vini
607 661 728 722 vinosus
751 661 911 736 Homerus;

199 744 315 805 Ennius
337 745 399 824 ipse
422 754 505 824 pater
527 763 689 824 numquam
713 746 769 806 nisi
792 757 880 826 potus
901 747 936 807 ad
961 766 1043 808 arma

198 829 339 890 Prosiluit
360 829 494 891 dicenda.
533 823 656 891 ‘Forum
680 831 839 910 putealque
862 831 984 894 Libonis

199 914 345 975 blandabo
367 914 462 983 siccis,
485 915 610 974 adimam
631 925 751 977 cantare
773 913 914 992 severis3’

198 999 262 1061 Hoc
285 999 373 1061 simul
394 1000 480 1073 edixi,
503 1020 564 1061 non
588 1018 738 1062 cessavere
762 1012 865 1079 poetae

197 1085 352 1145 Nocturna
375 1095 488 1146 certare
510 1103 602 1159 mero,
624 1095 729 1164 putere
751 1085 869 1146 diurno.

199 1167 299 1241 Quid?
322 1171 414 1249 siquis
436 1171 516 1231 voltu
538 1179 621 1230 torvo
644 1172 724 1232 ferus
746 1179 776 1231 et
797 1172 872 1247 pede
895 1171 976 1232 nudo

198 1254 389 1335 Exiguaeque
410 1265 496 1334 togae
518 1256 636 1316 simulet
657 1266 771 1317 textore
794 1255 946 1327 Catonem,

197 1340 383 1401 virtutemne
404 1351 608 1419 repraesentet
629 1359 786 1419 moresque
810 1340 950 1402 Catonis?

199 1425 291 1505 Rupit
311 1424 447 1486 Iarbitam
472 1426 642 1505 Timagenis
664 1426 777 1486 aemula
799 1426 909 1505 lingua,

199 1511 273 1571 llum
297 1512 395 1572 studet
417 1511 549 1572 urbanus
571 1511 724 1590 tenditque
747 1511 874 1572 disertus
896 1511 1011 1572 haberi.

198 1595 313 1673 Decipit
335 1596 484 1674 exemplar
505 1597 581 1656 vitiis
604 1595 759 1669 imitabile;
783 1597 886 1674 quodsi

198 1681 341 1741 Pallerem
364 1699 444 1755 casu,
466 1680 605 1741 biberent
626 1699 775 1759 exsangue
797 1681 958 1741 cuminum.

198 1765 222 1826 0
246 1767 418 1839 imitatores,
440 1785 557 1827 servum
580 1784 680 1845 pecus,
702 1777 736 1826 ut
758 1766 829 1827 mihi
851 1784 939 1845 saepe

197 1850 299 1924 Bilem,
323 1870 410 1930 saepe
432 1852 531 1912 iocum
553 1851 641 1912 vestri
664 1870 782 1912 movere
803 1851 962 1912 tumultusl
987 1885 1030 1895 -

196 1936 301 1996 Libera
323 1955 521 2016 pervacuum
545 1936 631 2015 posui
654 1937 773 2015 vestigia
794 1937 943 2016 princeps,

115 2062 117 2066 »
197 2021 261 2081 Non
286 2021 381 2082 aliena
403 2040 470 2082 meo
493 2021 588 2100 pressi
610 2022 694 2100 pede.
738 2020 795 2092 Qui
817 2021 872 2082 sibi
895 2021 974 2094 fidet,

196 2105 262 2166 Dux
285 2116 367 2183 reget
389 2124 522 2166 examen.
566 2105 667 2166 Parios
690 2124 744 2184 ego
767 2107 880 2184 primus
901 2106 1017 2168 iambos

197 2190 319 2251 Ostendi
342 2190 435 2265 Latio,
460 2208 600 2252 numeros
623 2191 795 2269 animosque
818 2201 937 2252 secutus

194 2274 372 2349 Archilochi,
395 2295 457 2336 non
480 2293 528 2336 res
550 2285 580 2335 et
601 2275 716 2354 agentia
738 2276 825 2336 verba
850 2275 1031 2355 Lycamben.

195 2362 237 2420 Ac
260 2379 299 2420 ne
321 2379 368 2420 me
390 2361 467 2421 loliis
489 2360 555 2421 ideo
578 2360 763 2421 brevioribus
784 2380 880 2432 ornes,

196 2444 283 2516 Quod
306 2445 389 2506 timui
413 2457 525 2506 mutare
547 2445 651 2506 modos
674 2454 704 2506 et
726 2446 864 2518 carminis
885 2457 989 2519 artem,

195 2530 353 2609 Temperat
373 2531 543 2592 Archilochi
566 2549 680 2592 musam
702 2531 777 2610 pede
799 2531 927 2591 mascula
950 2530 1086 2610 Sappho,

194 2615 353 2694 Temperat
374 2617 507 2690 Alcaeus,
530 2616 581 2677 sed
604 2616 693 2678 rebus
715 2628 744 2676 et
767 2616 869 2697 ordine
892 2615 1001 2695 dispar,

193 2702 255 2762 Nec
277 2719 414 2762 socerum
438 2702 560 2781 quaerit,
584 2720 671 2780 quem
695 2701 827 2762 versibus
849 2700 960 2761 oblinat
982 2702 1066 2775 atris,

193 2786 255 2847 Nec
278 2804 405 2865 sponsae
428 2787 566 2865 laqueum
588 2788 702 2847 lamoso
726 2786 855 2846 carmine
880 2786 979 2847 nectit.

195 2871 283 2931 Hunc
306 2889 370 2950 ego,
395 2891 457 2932 non
481 2873 537 2932 alio
560 2872 671 2933 dictum
693 2871 777 2951 prius
799 2889 859 2944 ore,
883 2870 1009 2931 Latinus

196 2955 313 3035 Volgavi
335 2956 454 3018 fidicen.
500 2957 580 3017 luvat
603 2957 796 3017 inmemorata
818 2956 963 3016 terentem

194 3040 336 3118 lngenuis
358 3043 512 3120 oculisque
534 3042 591 3120 legi
614 3041 811 3119 manibusque
834 3041 938 3101 teneri.
961 3074 1005 3086 -

193 3126 275 3187 Scire
296 3127 376 3200 velis,
399 3146 464 3187 mea
488 3145 541 3187 cur
562 3128 696 3205 ingratus
719 3126 860 3204 opuscula
882 3125 977 3185 lector

192 3211 307 3271 Laudet
328 3222 464 3290 ametque
487 3212 576 3285 domi,
599 3222 713 3291 premat
736 3221 817 3271 extra
839 3210 929 3270 limen
952 3211 1092 3290 iniquus:

192 3295 259 3356 Non
283 3313 339 3372 ego
361 3307 501 3358 ventosae
523 3297 617 3375 plebis
639 3296 775 3373 suffragia
799 3313 891 3355 venor

191 3380 339 3459 impensis
361 3400 503 3443 cenarum
527 3392 555 3443 et
576 3383 661 3444 tritae
684 3399 808 3443 munere
831 3380 927 3455 vestis,

192 3466 259 3527 Non
283 3483 347 3543 ego,
371 3467 514 3528 nobilium
538 3468 716 3546 scriptorum
739 3467 855 3526 auditor
876 3475 906 3525 et
927 3465 1017 3540 ultor,

194 3551 405 3612 Grammaticas
427 3553 538 3613 ambire
562 3553 655 3614 trihus
677 3564 706 3613 et
728 3551 840 3632 pulpita
864 3550 986 3629 dignor3

193 3637 271 3697 Hinc
294 3636 359 3697 illae
382 3637 529 3700 lacrimae.
568 3630 691 3715 ‘Spissis
713 3637 834 3714 indigna
857 3635 990 3710 theatris,

192 3722 308 3801 Scripta
333 3722 424 3802 pudet
446 3723 569 3782 recitare
592 3733 622 3782 et
643 3722 730 3801 nugis
753 3721 860 3780 addere
882 3715 1011 3799 pondus'

105 3859 306 3867 ——-——

190 3922 247 3974 Xlll
266 3941 288 3976 υ.
307 3926 546 3989 3cq.,ut-poetas.
565 3922 599 3972 al.
615 3923 619 3986 Ι
637 3924 667 3974 10
686 3922 766 3972 edixit
781 3924 785 3989 Ι
801 3923 833 3973 22
851 3919 908 3972 fidit
925 3922 960 3985 (o)
975 3922 979 3988 Ι
996 3921 1028 3971 23
1047 3917 1124 3982 regit(
