2474 4440
110 292 171 351 120
549 294 678 347 EPODON
699 300 738 350 17.

193 466 348 528 Laboriosi
371 467 497 544 remiges
521 467 613 527 Ulixei

194 551 316 613 volente
339 551 420 613 Circa
444 552 583 625 membra,
606 561 669 612 tum
692 570 774 614 mens
796 564 826 614 et
847 573 940 616 sonus

193 636 337 716 llelapsus
359 646 447 716 atque
470 647 558 698 notus
580 637 611 696 in
634 637 730 698 voltus
752 639 859 699 honor.

194 721 267 783 Dedi
289 722 359 784 satis
379 741 529 801 superque
552 740 716 801 poenarum
738 722 800 795 tihi,

107 817 138 868 to
195 809 295 868 Amata
318 807 415 869 nautis
437 807 562 867 multum
585 817 616 867 et
637 807 836 870 institoribus:

197 891 284 971 Fugit
305 892 438 954 iuventas
460 902 491 953 et
511 892 697 952 verecundus
719 893 801 953 color

197 976 326 1055 Reliquit
348 996 414 1038 ossa
437 977 513 1056 pelle
535 977 638 1037 amicta
661 976 765 1051 lurida,

195 1061 267 1123 Tuis
289 1062 412 1142 capillus
434 1061 517 1123 albus
540 1071 585 1122 est
607 1062 764 1135 odoribus;

195 1147 314 1208 Nullum
338 1165 354 1207 a
377 1148 478 1209 labore
499 1165 547 1208 me
570 1147 696 1207 reclinat
717 1147 820 1221 otium,

197 1231 288 1310 Urget
310 1233 388 1292 diem
411 1251 469 1292 nox
492 1242 522 1292 et
544 1232 606 1292 dies
629 1240 748 1292 noctem
771 1251 869 1311 neque
892 1242 936 1294 est

195 1316 306 1378 Levare
328 1325 408 1378 tenta
431 1317 537 1396 spiritu
559 1317 741 1395 praecordia.

195 1401 274 1479 Ergo
298 1412 437 1481 negatum
460 1403 564 1462 vincor
587 1411 619 1462 ut
640 1403 756 1462 credam
779 1401 877 1474 miser,

198 1486 312 1548 Sabella
334 1498 439 1567 pectus
460 1488 616 1566 increpare
639 1487 770 1546 carmina

198 1573 351 1651 Caputque
372 1573 468 1633 Marsa
490 1572 615 1632 dissilire
639 1572 735 1632 nenia.

197 1657 273 1728 Quid
296 1657 421 1736 amplius
444 1654 507 1718 vis?
530 1676 547 1715 o
571 1675 651 1716 mare
673 1665 702 1716 et
724 1665 813 1729 terra,
836 1655 934 1729 ardeo,

197 1742 346 1813 Quantum
370 1761 468 1821 neque
489 1751 553 1801 atro
576 1741 723 1802 delibutus
745 1741 886 1801 Hercules

197 1827 282 1889 Nessi
304 1845 411 1887 cruore
435 1846 490 1888 nec
512 1827 617 1887 Sicana
640 1826 750 1886 fervida

197 1912 302 1972 Virens
324 1913 353 1972 in
377 1914 471 1973 Aetna
494 1911 624 1972 damma:
647 1920 689 1984 tu,
711 1912 807 1971 donec
830 1911 905 1971 cinis

197 1997 350 2058 lniuriosis
373 1997 471 2058 aridus
493 1998 587 2058 ventis
609 1998 697 2066 ferar,

199 2081 291 2157 Cales,
313 2083 435 2143 venenis
457 2082 574 2143 officina
598 2078 766 2142 Colchicis?

197 2168 279 2239 Quae
300 2168 369 2228 linis
391 2177 441 2227 aut
463 2167 542 2245 quod
565 2185 611 2227 mc
635 2173 734 2226 manet
756 2163 959 2244 stipendium?

197 2253 310 2314 Effarel
333 2254 428 2315 iussas
451 2270 518 2312 cum
541 2252 597 2312 lide
619 2269 731 2330 poenas
754 2250 842 2324 luam,

196 2338 318 2399 Paratus
340 2339 467 2418 expiare,
489 2354 541 2398 seu
565 2336 738 2415 poposceris

198 2421 322 2485 Centum
345 2423 485 2495 iuvencis,
508 2422 568 2482 sive
590 2420 724 2481 mendaci
746 2420 807 2499 lyra

196 2508 283 2568 Voles
304 2509 403 2569 sonari
421 2501 467 2567 ‘tu
489 2506 604 2585 pudica,
626 2515 659 2566 tu
680 2499 801 2584 proba'‚

196 2591 417 2653 Perambulabis
440 2602 516 2652 astra
538 2590 618 2652 sidus
641 2608 773 2651 aureum.

198 2677 319 2738 lnlamis
341 2678 470 2738 Helenae
493 2676 594 2737 Castor
617 2675 748 2736 offensus
769 2674 831 2734 vice

198 2763 360 2841 Fraterque
382 2762 480 2840 magni
505 2761 642 2833 Castoris,
665 2760 730 2820 victi
754 2777 853 2838 prece,

198 2849 341 2926 adempta
364 2848 420 2907 vati
443 2846 596 2907 reddidere
619 2845 744 2905 lumina:

197 2933 237 2993 Et
256 2943 287 2993 tu
311 2966 325 2976 -
348 2941 433 3011 potes
457 2950 523 2992 nam
547 2964 559 2974 -
582 2929 661 2990 solve
684 2949 731 2989 me
754 2927 909 3000 dementia,

200 3017 223 3078 0
249 3036 304 3078 nec
326 3017 458 3096 paternis
481 3016 611 3077 obsoleta
634 3014 771 3074 sordibus

198 3103 259 3162 Nec
282 3104 311 3162 in
336 3103 480 3181 sepulcris
502 3118 667 3180 pauperum
690 3098 821 3178 prudens
845 3115 919 3157 anus

198 3186 384 3247 Nouendialis
407 3187 548 3265 dissipare
569 3184 721 3265 pulveres!

200 3271 264 3331 Tibi
289 3272 432 3350 hospitale
454 3280 557 3351 pectus
580 3279 609 3329 ct
630 3287 722 3348 purae
744 3285 850 3328 manus

200 3355 341 3434 Tuusque
363 3364 465 3416 venter
488 3354 682 3425 Pactumeius,
705 3361 734 3412 et
755 3361 806 3413 tuo

202 3440 313 3501 Cruore
336 3441 442 3501 rubros
465 3440 605 3501 obstetrix
628 3457 744 3518 pannos
766 3437 843 3508 lavit,

201 3526 367 3604 Utcumque
390 3526 474 3585 sortis
497 3525 592 3584 exsilis
614 3516 780 3602 puerpera?
805 3557 846 3565 —

121 3812 124 3817 .
200 3762 267 3814 xvu
286 3778 309 3813 o.
330 3765 359 3815 17
379 3765 440 3812 tunc
455 3761 459 3826 Ι
477 3762 507 3813 18
527 3760 620 3810 relatus
640 3759 693 3825 122
712 3773 755 3809 ora
775 3755 860 3807 Beati.
876 3753 882 3820 Ι
898 3756 930 3807 30
949 3754 983 3818 et]
1004 3770 1020 3806 o
1040 3756 1123 3809 llo-A¹

174 3847 249 3883 urens
266 3833 302 3896 (ol
321 3829 407 3881 furens
424 3832 459 3894 (o)
478 3831 519 3891 (=
529 3827 624 3890 Bentl.)
640 3828 644 3892 Ι
660 3829 754 3891 3'lsqq.
774 3825 903 3874 distinavit
921 3822 949 3874 V
953 3822 1011 3872 ind.
1032 3825 1123 3878 lecti

136 3933 144 3949 .
163 3902 228 3953 1886
246 3903 311 3951 aest.
326 3914 354 3963 p.
374 3900 433 3961 laq.
450 3900 454 3960 Ι
471 3899 503 3950 39
521 3896 644 3957 iuvencis]
657 3898 692 3957 (o)
705 3894 802 3944 Boutta
822 3893 944 3942 iuuencos
960 3889 966 3957 Ι
982 3893 1017 3944 40
1034 3897 1120 3947 sonari

146 3978 206 4020 nare
221 3968 225 4035 Ι
241 3957 398 4032 ‘tu-proba'
420 3965 513 4017 Catuli.
533 3965 573 4025 42,
593 3966 625 4015 24
641 3963 645 4029 Ι
661 3964 693 4013 42
712 3962 794 4013 uicem
813 3961 848 4025 (o)
866 3959 974 4023 (Bentl.)
