2474 4440
388 237 578 291 SATlRARUM
596 241 605 292 l
624 243 647 294 2.
667 243 690 293 3.
883 252 891 260 ”
1013 242 1073 301 129

87 405 186 481 Gallis,
210 408 287 470 lianc
310 411 497 473 Philodemus
519 412 559 472 ait
580 411 644 484 sihi,
668 430 743 489 quae
768 431 864 491 neque
885 432 993 493 magno

82 490 149 555 Stet
173 495 272 574 pretio
295 514 393 574 neque
417 505 583 568 cunctetur,
607 514 674 556 cum
698 505 742 557 est
765 498 841 558 iussa
864 500 973 560 venire.

80 576 216 640 Candida
239 587 379 659 rectaque
402 582 449 656 sit,
472 581 581 643 munda
602 581 756 654 hactenus,
780 590 812 643 ut
834 601 931 662 neque
954 585 1041 664 longa

71 661 142 726 Nec
167 665 262 742 magis
283 665 348 726 alba
370 667 439 728 velit
462 685 547 745 quam
570 668 619 727 dat
643 674 745 727 natura
768 667 868 727 videri.

68 746 175 823 Haec,
199 749 249 809 ubi
271 752 429 830 supposuit
451 752 553 812 dextro
576 770 686 831 corpus
709 752 779 812 mihi
801 751 924 826 laevum,
1032 764 1074 816 tu

67 832 136 895 Ilia
161 844 191 895 et
216 833 319 914 Egeria
342 846 396 907 est,
419 837 457 897 do
482 855 589 897 nomen
614 837 765 914 quodlibet
787 837 827 897 illi

62 917 143 980 Nec
168 937 281 993 vereor,
304 940 351 995 ne,
374 923 443 982 dum
466 923 560 993 intuo,
584 921 626 980 vir
648 939 717 981 rure
741 930 883 995 recurrat,

62 1001 179 1065 lanua
201 1004 364 1083 frangatur,
387 1006 473 1066 latret
496 1007 586 1078 canis,
609 1007 740 1084 undique
763 1025 870 1086 magno

60 1085 174 1150 Pulsa
198 1089 303 1151 domus
325 1091 448 1170 strepitu
473 1099 602 1164 resonet,
625 1092 765 1170 vepallida
789 1093 864 1152 lecto

60 1170 209 1235 Desiliat
230 1174 344 1247 mulier,
367 1176 503 1236 miseram
526 1196 558 1238 se
580 1177 699 1238 conscia
722 1178 835 1248 clamet,
1033 1187 1075 1238 tao

62 1254 234 1319 Cruribus
255 1259 327 1321 haec
350 1270 471 1333 metuat,
494 1261 555 1322 doti
578 1262 734 1340 deprensa,
758 1271 876 1339 egomet
898 1263 947 1322 mi.

60 1338 236 1404 Discincta
258 1346 357 1406 tunica
380 1346 554 1424 fugiendum
578 1356 622 1407 est
643 1365 676 1407 ac
700 1346 774 1424 pede
797 1347 888 1419 nudo,

61 1423 126 1490 Ne
152 1430 267 1490 nummi
290 1440 413 1510 pereant
435 1441 485 1491 aut
507 1450 584 1510 puga
607 1442 658 1490 aut
680 1430 809 1509 denique
833 1433 917 1491 lama.

61 1508 238 1595 Deprendi
261 1516 401 1577 miserum
424 1526 483 1577 est:
506 1516 597 1577 Fabio
623 1516 666 1576 vel
688 1516 784 1576 iudice
809 1517 931 1576 vincam.

519 1804 557 1864 ill

69 1920 235 1984 Omnibus
255 1923 313 1984 hoc
335 1924 437 1985 vitium
460 1933 504 1985 est
525 1922 707 1996 cantoribus,
730 1923 808 1983 inter
830 1922 940 1983 amicos

73 2002 123 2067 Ut
146 2026 309 2087 numquam
332 2009 625 2069 inducantanimum
649 2017 768 2068 cantare
789 2007 893 2086 rogati,

75 2089 198 2153 lniussi
220 2113 382 2173 numquam
405 2095 557 2155 desistant.
602 2093 713 2154 Sardus
735 2092 862 2153 hahebat

78 2175 139 2238 Ille
164 2177 304 2256 Tigellius
327 2179 398 2239 hoc:
422 2179 536 2251 Caesar,
560 2179 610 2257 qui
633 2197 739 2257 cogere
762 2189 871 2257 posset,

82 2261 119 2322 Si
143 2273 259 2341 peteret
280 2282 333 2344 per
355 2264 512 2324 amicitiam
534 2263 624 2343 patris
647 2272 735 2343 atque
756 2283 848 2337 suam,
872 2283 933 2324 nou
1061 2273 1075 2320 o
1153 2308 1154 2311 ,

83 2347 256 2426 Quicquam
277 2350 454 2428 proficeret;
476 2349 501 2410 si
523 2349 725 2422 conlibuisset,
748 2350 784 2409 ab
808 2368 862 2409 ovo

87 2429 192 2510 Usque
214 2435 249 2493 ad
273 2434 345 2494 mala
369 2435 472 2494 citaret
491 2426 533 2493 ‘io
557 2424 677 2493 Bacche'
704 2435 790 2494 modo
814 2450 926 2494 summa

88 2514 180 2590 Voce,
203 2519 291 2579 modo
313 2519 378 2591 hac,
400 2527 521 2580 resonat
543 2536 618 2597 quae
641 2518 758 2578 chordis
781 2528 922 2596 quattuor
943 2515 1009 2576 ima.

86 2599 135 2662 Nil
160 2604 282 2682 aequale
304 2603 418 2664 homini
442 2603 496 2664 luit
517 2604 575 2664 illi:
598 2622 685 2682 saepe
708 2604 786 2663 reiut
809 2602 859 2681 qui

88 2683 235 2748 Currebat
256 2687 374 2768 lugiens
395 2690 519 2760 hostem,
543 2706 685 2767 persaepe
707 2688 786 2748 velut
808 2687 859 2766 qui
1048 2693 1075 2744 10

90 2770 215 2834 lunonis
236 2791 318 2835 sacra
339 2775 447 2848 ferret;
469 2773 596 2834 habebat
616 2792 702 2852 saepe
725 2773 879 2844 ducentos,

91 2856 184 2938 Saepe
207 2859 309 2919 decem
331 2878 447 2934 servos3
470 2859 558 2919 modo
581 2876 666 2937 reges
688 2865 775 2936 atque
796 2855 968 2927 tetrarchas,

88 2942 196 3021 ¹Omnia
212 2962 319 3022 magna
335 2945 470 3023 loquens,
487 2944 573 3005 modo
586 2938 637 3004 ‘sit
653 2943 724 3004 mihi
739 2961 839 3004 mensa
856 2940 946 3020 tripes
961 2948 991 3000 et

66 3103 68 3108 Ι
92 3025 209 3089 Concha
232 3029 300 3090 salis
322 3030 391 3110 puri
413 3039 443 3090 et
464 3037 540 3108 toga,
564 3047 638 3107 quae
660 3028 818 3088 defendere
840 3024 942 3103 frigus,

92 3111 229 3181 Quamvis
250 3132 357 3189 crassa,
382 3107 488 3193 queat?
528 3113 653 3174 Deciens
675 3122 802 3173 centena
824 3111 953 3172 dedisses
1049 3121 1077 3170 15

93 3196 166 3259 lluic
188 3216 289 3278 parco,
312 3199 414 3279 paucis
436 3208 592 3271 contento;
617 3198 750 3276 quinque
772 3197 875 3259 diebus

27 3313 208 3342 N...-

92 3448 111 3500 ll
129 3467 151 3501 n.
172 3452 222 3503 124
240 3449 284 3501 det
304 3450 308 3515 Ι
326 3453 373 3502 127
392 3467 439 3502 nec
457 3457 543 3500 metuo
568 3448 572 3518 Ι
600 3452 648 3501 129
672 3448 763 3500 domus
782 3447 888 3516 strepitu
906 3453 1009 3501 resonet
1027 3448 1076 3512 ria,

21 3511 101 3567 radda
120 3517 167 3570 ΤΙι.
183 3518 275 3584 Bergk
293 3534 381 3584 opusc.
396 3519 465 3584 phil.
477 3518 496 3568 ll
515 3519 563 3568 755
583 3521 673 3568 nimiis
692 3517 817 3568 laudibus
828 3516 996 3582 ingeniosam
1008 3518 1076 3566 donc

18 3585 72 3634 'oue
87 3600 174 3651 mam,
202 3587 250 3638 aed
275 3592 347 3638 certe
363 3603 418 3637 non
436 3589 614 3637 necessarium
632 3590 812 3636 coniecturum
841 3585 971 3635 erotoilem
995 3582 1000 3651 1
1027 3598 1075 3633 uae

17 3639 112 3705 tenu.
137 3659 162 3704 u
182 3670 216 3707 ue
236 3671 257 3706 s.
281 3657 333 3719 ue.)
356 3655 462 3720 pauida]
486 3655 549 3704 riou
566 3652 624 3713 fare
642 3669 745 3708 omani:
765 3670 796 3705 ne
815 3653 908 3719 parona
927 3651 971 3721 (υ),
990 3652 1075 3703 omer.

16 3712 42 3772 θ.
55 3719 168 3774 moneor
185 3739 210 3775 z.
230 3722 315 3773 Ledae
332 3739 356 3772 o.
375 3723 399 3773 d.
418 3723 466 3775 lat.
485 3722 622 3773 Partllceln
636 3737 666 3786 p.
689 3725 716 3774 11

88 3789 118 3841 lli
135 3807 159 3843 o.
178 3794 192 3842 *l
213 3789 321 3854 Bacche]
349 3788 448 3842 Bacche
471 3808 500 3848 υς
525 3791 712 3856 productionis
735 3795 827 3840 notam
850 3788 945 3839 addidi
967 3788 1077 3837 ultimae

10 3858 122 3976 §pilulae
139 3875 192 3926 pso·⁴
209 3876 238 3910 ae
260 3862 342 3920 brevi,
371 3857 406 3920 of.
426 3875 517 3910 onnam.
541 3855 689 3925 Woelfflin.
712 3874 741 3923 p.
766 3861 872 3922 liusq:
901 3855 1015 3906 Bacchae
1036 3853 1076 3919 ol

38 3930 141 3980 resonet

53 4019 167 4062 uersum.
856 4009 871 4058 9
