2474 4440
488 201 660 254 truttmunt
678 203 708 254 lll
728 207 768 258 ll.
790 207 828 258 12.

251 372 314 432 Una
338 373 373 432 de
397 372 496 433 multis
518 374 580 432 lace
604 374 728 453 nuptiali

249 456 342 536 Digna
366 458 517 536 periurum
542 457 596 517 soit
618 459 647 518 in
672 467 823 536 parentem

175 551 204 600 35
249 542 409 620 Splendide
432 542 558 602 mendax
580 553 610 603 et
632 545 662 603 in
687 562 774 603 omne
797 544 879 623 virgo

323 627 434 688 Nobilis
456 645 569 699 aevum,

245 737 377 821 ‘Surgel'
403 763 477 822 quae
499 745 571 804 dixit
592 745 691 805 iuveni
715 746 829 817 marito,

244 820 363 908 ‘Surge
387 849 424 889 ne
447 829 554 907 longus
575 829 628 889 tibi
651 848 784 903 somnus,
807 831 887 892 unde

247 914 312 973 Non
336 915 430 987 times,
453 913 554 974 deturl
578 933 712 975 socerum
736 925 766 975 et
787 917 927 977 scelestas

174 1009 203 1058 40
330 999 409 1058 Falle
431 1018 557 1071 sorores,

246 1115 337 1187 Quae,
358 1118 438 1178 velut
461 1127 563 1176 nactae
585 1117 691 1177 vitulos
712 1117 842 1189 leaenae,

247 1200 387 1279 Singulos
410 1202 485 1261 elreu
508 1201 652 1261 lacerantl
676 1219 730 1278 ego
754 1202 810 1263 illis

245 1284 361 1347 Mollior
385 1305 439 1347 nec
462 1286 615 1346 tesceiam
640 1304 737 1363 neque
759 1287 837 1346 intra

322 1371 453 1432 Claustra
477 1368 598 1430 tenebo:

172 1501 201 1550 45
244 1490 291 1550 llle
314 1499 397 1568 pater
419 1488 511 1550 saevis
533 1496 639 1547 oneret
660 1487 781 1560 catenis,

244 1575 328 1646 Quod
353 1576 414 1635 viro
438 1574 569 1634 clemens
592 1573 699 1634 misero
722 1572 851 1651 peperci,

245 1661 291 1719 Me
313 1660 358 1719 vel
381 1669 528 1720 extremos
550 1658 740 1718 Numidarum
764 1659 794 1718 in
818 1676 904 1737 agros

320 1743 417 1805 Classe
440 1745 560 1822 releget.

241 1864 263 1935 l,
286 1862 376 1941 pedes
400 1881 457 1939 quo
481 1873 509 1921 te
532 1860 651 1939 rapiunt
674 1869 704 1919 et
726 1878 824 1933 aurae,

171 1960 200 2008 50
243 1950 317 2009 Dum
342 1948 418 2006 lavet
441 1965 500 2005 nox
522 1955 551 2006 et
576 1945 682 2017 Venus,
705 1945 714 2004 i
737 1944 867 2005 seeundo

244 2031 351 2091 Omine
374 2040 403 2091 et
426 2031 519 2091 nostri
542 2047 703 2089 memorem
727 2032 865 2109 sepulcro

318 2116 422 2194 Scalpe
446 2107 622 2194 querellam?

620 2332 673 2392 Xll

242 2435 415 2496 Miserarum
439 2447 482 2497 est
506 2455 603 2514 neque
625 2434 718 2493 amori
741 2434 809 2493 dare
831 2433 932 2493 ludum
958 2453 1052 2513 neque
1073 2432 1133 2496 dul
1155 2418 1190 2477 θ’

241 2520 314 2580 Mala
337 2522 405 2580 vino
428 2522 523 2580 lavere
546 2531 596 2580 aut
618 2519 779 2580 exanimari
801 2520 961 2580 metuentis

316 2606 441 2665 Patruae
463 2605 584 2665 verbera
607 2605 734 2682 linguae.

240 2722 305 2784 Tibi
330 2725 448 2802 qualum
473 2723 632 2804 Cythereae
656 2740 731 2801 puer
752 2722 819 2793 ales,
842 2721 896 2782 tibi
920 2722 991 2783 telas

183 2821 197 2868 5
241 2810 452 2888 operosaeque
475 2809 622 2868 Minervae
645 2808 774 2868 studium
798 2808 902 2876 aufert,
925 2806 1066 2878 Neobule,

316 2895 450 2972 Liparaei
475 2895 552 2954 nitor
574 2893 675 2964 Hebri,

240 3013 333 3073 Simul
357 3023 462 3073 unctos
485 3012 633 3071 Tiberinis
657 3029 775 3070 umeros
797 3009 865 3069 lavit
887 3009 917 3069 in
942 3009 1037 3082 undis,

239 3097 338 3174 Eques
361 3099 425 3176 ipso
449 3098 553 3156 melior
575 3096 812 3174 Bellerophonte,
837 3112 935 3172 neque
958 3112 1062 3173 pugno

315 3183 417 3259 Neque
433 3182 516 3259 segni
540 3184 614 3260 pede
636 3181 738 3250 victus,

169 3308 196 3357 10
239 3297 326 3360 Catus
349 3300 424 3359 idem
448 3320 502 3378 per
524 3309 657 3379 apertum
682 3297 821 3376 fugientis
843 3297 950 3374 agitato

238 3384 333 3462 Grege
355 3403 457 3444 cervos
479 3385 599 3445 iaculari
622 3394 650 3443 et
673 3383 752 3442 celer
774 3392 837 3442 arto
859 3383 1023 3442 latitantem

313 3469 463 3528 Frutieeto
487 3472 622 3547 excipere
645 3486 759 3546 aprum.

55 3577 60 3586 ἱ
111 3568 318 3654 —llU-bl
340 3604 431 3664 nostri]
449 3603 516 3653 vatis
535 3602 620 3652 Horati
639 3605 672 3661 (e.
686 3599 717 3650 lV
733 3602 757 3663 6,
775 3602 819 3662 44)
837 3615 916 3650 anon.
936 3599 1001 3651 Bob.
1019 3601 1051 3650 de
1067 3595 1164 3650 nemci

105 3684 244 3732 praenom.
264 3668 286 3717 V
300 3686 328 3735 p.
348 3673 406 3732 555,
427 3670 540 3736 18rq.K
560 3672 564 3736 Ι
589 3672 621 3720 52
634 3668 723 3733 sculpe
735 3670 771 3731 (v)
783 3670 826 3731 (=
838 3665 940 3728 semina
956 3667 1072 3719 Traiano
1084 3672 1165 3732 aequa·

109 3737 141 3785 lie
164 3740 193 3786 in
217 3739 295 3788 inser.
315 3738 484 3804 Aegyptiace
506 3739 561 3790 CIL
578 3737 607 3787 lll
631 3753 656 3787 a.
677 3738 708 3788 21
733 3733 769 3796 cf.
792 3735 864 3788 anal.
882 3736 919 3786 cd
936 3751 1018 3788 cumn.
1037 3737 1098 3787 Hor.
1114 3735 1165 3784 lut

107 3803 137 3854 m
156 3803 326 3927 20‘llbvoinll
347 3878 373 3924 et
392 3889 441 3924 om.
458 3873 462 3940 l
478 3873 530 3924 alto

568 3959 720 3967 —--.
