2474 4440
397 119 568 173 CARMINUM
586 121 605 172 ll
624 125 648 175 6.
668 127 690 175 l.

135 287 184 347 1113
200 298 346 350 terrarum
360 292 431 351 mihi
447 301 562 371 praeter
579 293 675 354 omnis

134 372 268 451 dugulus
282 374 367 448 ridet,
383 375 433 435 ubi
450 395 510 436 non
528 377 665 456 Hymetto

133 457 218 518 llella
233 458 381 520 decedunt
396 460 537 539 viridique
553 470 646 522 333131

210 543 287 603 11333
302 543 440 618 Venafro,

133 658 191 721 Ver
205 661 256 721 ubi
272 662 395 740 longum
409 662 580 741 tepidasque
596 662 719 741 praebet

134 745 267 824 luppiter
282 745 401 807 brumas
416 757 446 808 et
461 747 571 807 amicus
585 747 681 807 Aulon

134 830 232 890 Fertili
249 830 365 890 baceho
381 831 535 893 minimum
551 831 684 892 Falernis

210 914 323 975 lnvidet
338 916 410 976 uvis.

134 1032 183 1093 1113
199 1042 228 1093 13
244 1033 360 1093 meeum
376 1034 459 1094 loeus
474 1040 504 1092 31
519 1031 620 1092 beatae

133 1117 287 1178 Postulant
300 1135 393 1190 arceo,
409 1117 449 1177 ibi
465 1126 496 1177 tu
512 1117 657 1176 calentem

133 1202 234 1262 Debita
250 1220 369 1280 sparges
384 1202 502 1262 lacrima
517 1200 639 1260 iavillam

207 1286 286 1347 Vatis
302 1286 397 1346 amici.

514 1621 564 1682 Vll

136 1740 159 1800 0
175 1758 262 1819 saepe
277 1758 393 1799 meeum
409 1748 526 1818 tempus
541 1740 570 1799 in
588 1738 722 1799 ultimum

135 1825 263 1886 beduete
279 1825 370 1884 Bruto
386 1822 504 1884 militiae
519 1823 604 1898 duee,

179 1909 252 1980 Quis
265 1920 295 1969 te
311 1909 465 1969 redonavit
479 1908 622 1979 Quiritem

228 1993 279 2054 llis
293 1993 395 2072 patriis
409 1993 541 2071 Italoque
555 1993 646 2066 eaelo,

133 2111 262 2191 Pompei,
279 2129 413 2172 meorum
428 2111 523 2190 prime
539 2111 691 2184 sodalium,

135 2197 204 2257 Cum
220 2215 280 2274 quo
295 2203 459 2255 morantem
475 2214 562 2274 saepe
577 2196 653 2256 diem
670 2215 752 2258 mero

175 2280 273 2358 Fregi‚
290 2289 449 2341 coronatus
464 2280 586 2341 nitentis

229 2364 412 2425 Malobathro
428 2365 512 2444 Syrio
529 2363 673 2444 capillos?

134 2483 242 2544 'lecum
259 2482 410 2562 Philippos
426 2492 454 2542 et
469 2483 595 2543 celerem
610 2483 708 2562 lugam

137 2567 219 2628 Sensi
234 2567 336 2628 reliota
353 2586 413 2628 non
428 2567 505 2627 bene
520 2569 662 2646 parmula,

174 2652 247 2713 Cum
262 2653 353 2712 133313
367 2652 460 2712 virtus
475 2661 505 2712 et
518 2653 649 2713 minaces

228 2737 329 2815 Turpe
343 2737 439 2798 solum
455 2737 578 2814 tetigere
593 2747 704 2797 mento.

132 2853 185 2914 Sed
201 2872 249 2913 me
264 2871 319 2931 per
332 2854 426 2914 hostis
442 2854 605 2915 llereurius
620 2853 700 2914 eeler

134 2939 230 3000 uenso
246 2947 403 3016 paventem
418 2938 537 3000 sustulit
552 2957 629 3013 aere,

175 3024 216 3083 Te
233 3040 336 3084 rursus
351 3024 382 3083 in
398 3023 507 3084 bellum
524 3022 683 3085 resorbens

228 3107 313 3167 Unda
328 3108 409 3169 iretis
424 3109 492 3169 tulit
506 3108 657 3169 aestuosis.

131 3222 207 3302 Ergo
224 3225 380 3303 obligatam
395 3226 485 3286 redde
501 3225 560 3286 lovi
576 3225 681 3304 dapem

130 3307 288 3388 Longaque
304 3311 413 3370 fessum
430 3310 530 3371 militia
546 3311 621 3371 latus

169 3395 293 3473 llepone
309 3394 364 3455 sub
379 3395 464 3455 lauru
479 3413 542 3455 mea
559 3413 615 3455 nee

225 3479 316 3539 Paroe
332 3479 411 3540 cadis
425 3479 479 3540 tibi
493 3478 654 3540 destinatis.
1000 3488 1028 3538 20

87 3606 201 3621 ⁸*—

97 3721 121 3775 Vl
138 3744 160 3781 υ.
188 3732 218 3782 18
238 3729 346 3781 amiotus
363 3728 399 3782 N.
411 3730 536 3781 1131331333
559 3727 678 3799 lhlertilis
701 3727 707 3795 Ι
733 3727 837 3779 nimium
862 3725 867 3792 1
894 3725 1042 3791 1131113)

87 3795 393 3862 omssewbffl

829 3878 866 3930 3*
