2474 4440
110 242 172 300 164
508 241 698 295 sarmatum
715 242 735 293 ll
754 246 776 297 3.

189 409 280 477 ‘Mille
304 417 400 477 ovium
424 417 546 477 insanus
569 416 655 475 morti
679 415 766 488 dedit,
789 416 926 476 inclitum
949 416 1056 478 Ulixen

195 501 232 561 Et
254 501 419 562 Menelaum
442 519 501 561 una
525 518 640 561 mecum
664 520 695 560 se
719 501 855 561 occidere
878 495 1028 563 clamans²

194 585 238 646 Tu
262 606 328 647 cum
352 605 407 664 pro
430 587 519 647 vitula
541 585 645 647 statuis
666 585 781 645 dulcem
804 586 908 647 Aulide
931 598 1030 647 natam

107 682 150 732 nn
194 672 269 732 Ante
291 690 355 732 aras
377 673 550 751 spargisque
573 671 649 731 mola
673 680 771 749 caput,
794 671 940 751 improbe,
964 673 1050 743 salsa,

194 756 316 817 Rectum
340 757 429 817 animi
452 775 550 817 servas
572 753 714 817 cursum?
738 756 861 817 insanus
883 758 954 835 quid
978 757 1060 818 enim
1083 760 1140 819 diat

194 841 295 903 Fecit?
318 861 386 902 cum
409 843 510 902 stravit
532 844 610 901 lerro
634 859 735 920 pecus,
758 841 899 902 abstinuit
919 843 977 902 vim

192 927 289 988 Uxore
312 939 342 987 et
363 937 468 1004 gnato;
491 927 565 986 mala
589 926 679 986 multa
702 936 840 1005 precatus
862 928 981 1001 Atridis,

194 1013 258 1073 Non
282 1013 331 1073 ille
355 1023 404 1072 aut
426 1012 574 1072 Teucrum
598 1021 648 1071 aut
669 1011 766 1090 ipsum
788 1012 906 1072 violavit
927 1013 1046 1075 Ulixen.

108 1107 150 1155 205
189 1092 310 1159 ‘Verum
335 1116 400 1177 ego,
423 1107 456 1157 ut
477 1097 625 1158 haerentis
647 1097 767 1157 adverso
791 1097 877 1158 litore
900 1100 982 1160 navis

193 1183 358 1262 Eriperem
381 1183 513 1261 prudens
535 1182 645 1260 placavi
667 1183 813 1260 sanguine
835 1174 933 1244 divos?

193 1268 306 1347 Nempe
327 1278 389 1340 tuo,
412 1265 544 1328 furiose?
584 1263 673 1339 ‘Meo
697 1267 749 1328 sed
772 1287 832 1328 non
855 1265 1006 1332 furiosus?

195 1353 252 1423 Qui
276 1354 391 1433 species
413 1353 484 1414 alias
506 1353 582 1413 veris
604 1352 784 1430 scelerisque
807 1354 934 1414 tumultu

194 1439 355 1499 Permixtas
377 1439 481 1518 capiet,
506 1447 671 1498 commotus
693 1437 849 1497 habebitur
871 1449 959 1516 atque

108 1531 152 1580 222
196 1522 363 1584 Stultitiane
386 1535 472 1596 erret,
496 1523 621 1584 nihilum
643 1522 771 1596 distabit,
794 1541 830 1582 an
854 1523 906 1582 ira.

195 1610 265 1669 Aiax
288 1628 354 1669 cum
378 1610 533 1669 inmeritos
556 1607 663 1668 occidit
684 1608 791 1686 desipit
813 1626 921 1686 agnos;

196 1693 269 1754 Cum
293 1695 424 1773 prudens
447 1694 544 1755 scelus
567 1692 604 1753 ob
628 1693 730 1752 titulos
752 1693 879 1753 admittis
901 1694 1008 1766 inanis

195 1778 259 1840 Stas
274 1781 372 1839 animo
389 1789 419 1840 et
434 1798 542 1858 purum
559 1787 603 1838 est
617 1777 687 1837 vitio
703 1777 766 1850 tibi,
786 1797 853 1838 cum
869 1779 1016 1841 tumidum
1034 1790 1080 1842 est
1094 1799 1137 1841 ct)

196 1864 293 1942 Siquis
315 1865 417 1926 lectica
441 1866 561 1925 nitidam
584 1871 699 1940 gestare
721 1874 799 1922 amet
820 1881 936 1940 agnam,

109 1957 153 2007 tto
197 1948 273 2011 Huic
295 1960 404 2011 vestem
427 1959 459 2009 ut
481 1959 586 2028 gnatae
609 1956 701 2027 paret,
725 1947 845 2009 ancillas
867 1957 960 2027 paret,
983 1968 1098 2021 aurum,

197 2032 301 2094 Rulam
325 2044 375 2094 aut
397 2034 534 2094 Pusillam
556 2033 685 2112 adpellet
705 2033 836 2111 fortique
859 2034 965 2095 marito

195 2105 329 2180 Destinet
351 2137 482 2191 uxorem,
506 2118 662 2179 interdicto
685 2117 755 2179 huic
778 2137 866 2178 omne
888 2119 996 2180 adimat
1018 2119 1064 2180 ius

194 2202 316 2265 Praetor
337 2213 367 2264 et
388 2204 422 2263 ad
445 2221 533 2263 sanos
555 2203 640 2263 abeat
661 2203 752 2263 tutela
774 2204 970 2282 propinquos.

197 2289 283 2362 Quid,
306 2288 399 2366 siquis
421 2298 537 2364 gnatam
562 2308 616 2367 pro
639 2299 719 2349 muta
743 2289 866 2349 devovet
889 2307 973 2366 agna,

110 2381 153 2430 222
197 2373 314 2452 Integer
337 2383 381 2434 est
403 2371 514 2433 animi?
557 2374 601 2434 Ne
623 2374 740 2434 dixeris.
785 2375 864 2451 Ergo
888 2374 938 2434 ubi
961 2393 1050 2453 prava

196 2459 334 2531 Stultitia,
357 2459 405 2518 hic
429 2477 542 2519 summa
565 2470 610 2519 est
631 2460 763 2531 insania;
787 2461 837 2538 qui
861 2459 1032 2533 sceleratus,

196 2543 233 2603 Et
254 2545 385 2605 luriosus
407 2545 478 2619 erit;
501 2563 589 2622 quem
614 2545 692 2622 cepit
713 2544 804 2604 vitrea
826 2546 911 2618 fama,

196 2631 283 2690 llunc
305 2629 518 2690 circumtonuit
540 2629 671 2707 gaudens
693 2628 814 2690 Rellona
838 2630 980 2690 cruentis.
1005 2666 1047 2677 -

196 2716 280 2775 Nunc
302 2733 364 2792 age,
387 2715 533 2775 luxuriam
557 2724 585 2774 et
608 2714 826 2775 Nomentanum
849 2716 947 2792 arripe
970 2734 1101 2790 mecum;

110 2805 152 2856 225
195 2799 300 2860 Vincet
322 2800 401 2859 enim
423 2799 528 2860 stultos
550 2799 624 2860 ratio
647 2799 779 2859 insanire
801 2808 936 2877 nepotes.

195 2885 250 2945 Hic
272 2885 359 2946 simul
381 2886 496 2963 accepit
518 2884 676 2963 patrimoni
699 2885 777 2943 mille
800 2884 933 2955 talenta„

195 2970 301 3042 Edicit,
325 2969 453 3048 piscator
476 2970 527 3043 uti,
550 2969 710 3048 pomarius,
734 2984 852 3047 auceps

195 3056 418 3134 Unguentarius
440 3074 474 3114 ac
497 3054 585 3115 Tusci
607 3053 694 3114 turba
717 3055 805 3133 impia
827 3055 891 3128 vici,

196 3140 269 3200 Cum
292 3141 403 3200 scurris
425 3141 524 3214 sartor,
549 3158 615 3201 cum
639 3139 764 3199 Velabro
788 3157 877 3199 omne
899 3140 1056 3201 macellum

109 3231 152 3281 220
195 3225 280 3284 blane
303 3225 424 3285 domum
446 3225 574 3285 veniant.
608 3223 684 3294 Quid
708 3223 792 3284 tum?
815 3243 922 3284 venere
938 3226 1115 3304 frequentes,

194 3309 289 3369 Verba
312 3310 380 3370 lacit
402 3310 486 3370 leno:
506 3305 669 3386 ‘Quidquid
694 3310 773 3379 mihi,
797 3309 939 3387 quidquid
962 3311 1119 3371 ethorum

195 3394 308 3472 Cuique
331 3396 410 3455 domi
430 3404 482 3467 est,
506 3395 533 3454 id
551 3395 638 3454 crede
653 3404 735 3454 tuum
753 3405 782 3455 et
795 3395 842 3454 vel
858 3412 939 3454 nunc
954 3404 1023 3474 pete
1037 3396 1140 3456 velera

194 3483 304 3558 Accipe
327 3479 398 3558 quid
421 3489 524 3540 contra
547 3479 661 3540 iuvenis
683 3479 870 3558 responderit
892 3497 1014 3557 aequus.

194 3665 224 3716 lll
240 3683 265 3716 υ.
286 3668 334 3719 199
353 3670 455 3730 gnatam
476 3663 522 3714 01(
536 3664 630 3728 epilog.
649 3665 685 3714 ad
697 3663 724 3716 S.
737 3664 787 3725 11,
799 3663 834 3716 83
848 3664 853 3727 Ι
869 3665 916 3716 201
932 3665 1140 3727 2122122222]Βοίὴὴ

113 3733 170 3784 111-Ρ
183 3737 214 3785 in
232 3735 308 3785 add:
332 3748 452 3799 quorsum
480 3736 484 3797 Ι
509 3733 559 3785 208
577 3733 645 3783 veris
668 3731 833 3798 scelerisque]
852 3733 899 3795 tvl:
918 3732 974 3782 neri
992 3734 1140 3801 scelerisqut

108 3802 176 3854 ueris
195 3803 337 3869 celerisque
350 3801 386 3850 Βιι
405 3803 440 3866 (a)
458 3800 534 3865 (uerit
549 3801 692 3867 celerisque
709 3804 741 3850 nt
763 3801 815 3851 vid.
833 3799 880 3864 Bu
917 3804 922 3865 Ι
949 3801 999 3851 212
1018 3799 1130 3854 admittit

110 3872 248 3922 committis
266 3877 292 3921 et
311 3869 447 3921 committit
464 3870 587 3933 (comittit
604 3869 700 3934 Por-plu
720 3867 777 3918 cod.
798 3868 879 3930 Mon.)
895 3866 899 3934 l
915 3869 964 3921 213
985 3873 1034 3934 est,
1052 3870 1115 3922 vitio
1134 3874 1140 3920 t

110 3953 167 3990 cum
185 3941 219 3989 ol.
236 3938 305 4007 1225
325 3938 404 3989 uincit
422 3940 542 4005 1211230
560 3938 604 4004 qui
623 3952 679 3988 cum
698 3937 880 3986 verisimiliter
897 3937 932 4001 (a)
950 3937 1036 3988 Bentl.
