2474 4440
511 141 685 194 GARMlNUM
702 141 732 194 lll
752 146 776 194 3.

232 314 293 375 llac
309 322 371 373 arte
387 313 492 373 Pollux
508 322 537 374 et
552 333 640 391 vagus
656 314 798 375 Hercules

162 410 189 459 10
232 399 341 459 Enisus
356 417 440 458 arces
454 399 548 476 attigit
563 399 675 475 igneas,

279 483 360 553 Quos
375 484 453 542 inter
469 484 618 560 Augustus
632 484 810 544 recumbens

332 569 484 646 Purpureo
509 567 589 628 bibet
606 587 657 627 ore
674 579 784 640 nectar,

234 686 296 746 Hac
311 695 340 745 te
357 695 532 756 merentem,
549 685 664 744 Bacche
679 696 771 764 pater,
788 697 855 748 tuae

235 771 347 832 Venere
363 771 462 849 tigres,
478 770 597 830 indocili
614 770 714 848 iugum

166 864 193 914 te
280 855 362 915 Collo
379 854 539 926 trahentes,
555 856 609 915 bac
625 854 768 924 Quirinus

333 940 433 999 Martis
449 940 533 1018 equis
549 940 715 998 Acheronta
732 941 815 1018 fugit.

236 1057 356 1117 Gratum
372 1058 485 1117 elocuta
501 1056 727 1118 consiliantibus

235 1140 351 1201 lunone
366 1142 452 1203 divis:
467 1136 567 1213 ‘llion‚
584 1142 658 1201 llion

283 1225 389 1286 Fatalis
404 1226 594 1305 incestusque
611 1227 696 1286 iudex

168 1322 196 1371 20
338 1311 376 1370 Et
392 1312 497 1371 mulier
512 1312 667 1390 peregrina
683 1312 770 1371 vertit

241 1430 273 1489 ln
290 1429 453 1508 pulverem,
470 1448 504 1489 ex
521 1448 580 1507 quo
597 1430 729 1489 destituit
744 1429 814 1490 deos

243 1515 379 1573 Mercede
394 1525 478 1593 pacta
494 1513 675 1585 Laomedon,
691 1514 761 1574 mibi

287 1599 451 1676 Castaeque
467 1598 636 1658 damnatum
654 1599 800 1659 llinervae
897 1657 899 1660 a

339 1683 409 1743 Cum
426 1683 537 1762 populo
553 1693 582 1743 et
597 1683 672 1742 duce
687 1684 885 1745 fraudulento.

170 1811 198 1860 ab
241 1800 301 1859 lam
318 1819 373 1861 nec
388 1801 538 1861 Lacaenae
553 1800 689 1879 splendet
705 1801 852 1862 adulterae

245 1884 385 1944 Famosus
400 1887 507 1964 hospes
524 1904 579 1945 nec
595 1885 704 1946 Priami
720 1887 824 1948 domus

290 1969 408 2028 Periura
424 1970 566 2049 pugnacis
582 1971 707 2030 Achivos

342 2054 493 2115 Hectoreis
509 2055 617 2132 opibus
632 2054 768 2130 refringit

243 2172 416 2250 Nostrisque
432 2172 551 2233 ductum
567 2172 761 2233 seditionibus

172 2266 201 2315 30
244 2256 356 2316 Bellum
374 2258 496 2318 resedit:
513 2258 650 2337 protinus
666 2267 694 2317 et
709 2257 804 2334 gravis

291 2341 353 2401 lras
369 2351 397 2400 et
414 2342 539 2403 invisum
556 2352 705 2421 nepotem,

345 2426 450 2486 Troica
467 2446 553 2505 quem
570 2427 685 2505 peperit
699 2425 846 2495 sacerdos,

245 2543 328 2602 Marti
344 2544 510 2617 redonabo;
526 2546 606 2605 illum
624 2564 678 2624 ego
695 2544 805 2604 lucidas

246 2629 324 2688 lnire
340 2628 434 2702 sedes,
452 2629 564 2690 discere
582 2629 708 2689 nectaris

175 2721 203 2770 35
289 2713 384 2774 Sucos
399 2725 429 2774 et
444 2714 569 2774 adscribi
588 2715 694 2792 quietis

344 2799 505 2860 Ordinibus
521 2800 614 2878 patiar
629 2799 762 2858 deorum.

247 2916 321 2976 Dum
340 2910 446 2994 longus
461 2918 539 2977 inter
555 2916 662 2977 saeviat
679 2916 751 2975 llion

247 2999 432 3079 Romamque
448 3012 567 3079 pontus,
584 3001 714 3078 qualibet
729 3000 829 3060 exules

293 3084 327 3144 ln
345 3096 427 3164 parte
444 3095 590 3164 regnanto
608 3086 694 3156 beati,

176 3178 205 3226 40
333 3170 408 3230 llum
427 3172 532 3231 Priami
549 3170 722 3247 Paridisque
737 3169 824 3229 busto

250 3289 375 3350 lnsultet
391 3298 556 3349 armentum
574 3299 603 3348 et
619 3287 730 3348 catulos
746 3287 825 3346 serae

249 3373 352 3434 Celent
367 3372 488 3444 inultae,
505 3383 563 3433 stet
579 3372 752 3452 Capitolium

296 3458 429 3536 Fulgens
445 3458 690 3537 triumphatisque
706 3456 799 3535 possit

347 3543 439 3602 Roma
455 3543 538 3601 lerox
553 3542 622 3602 dare
637 3543 700 3602 iura
717 3540 816 3601 bledis.

126 3628 329 3636 ——.—

208 3673 237 3725 lll
256 3690 279 3726 v.
301 3678 331 3728 12
351 3675 416 3726 bibit
431 3674 436 3740 Ι
453 3677 573 3737 [rt—at]
592 3677 620 3726 M
639 3676 770 3743 1882121
791 3690 840 3741 qua
859 3674 1046 3726 Lacumanmu

121 3744 165 3876 ἐξ,
166 3743 198 3849 ‘l-
201 3741 435 3879 ¹112]2{*de1unutam
446 3741 595 3793 Glareanus
605 3745 707 3808 (benet,
721 3744 910 3794 Lccbmcnmre
922 3743 940 3792 l.
954 3743 981 3804 l.)
1004 3739 1009 3806 Ι
1031 3741 1044 3789 3
