2474 4440
106 227 146 286 94
468 232 640 285 CARMINUM
658 232 691 284 lv
711 239 749 288 ll.
772 237 809 288 12.

177 417 190 464 t
236 403 334 478 Multa,
359 422 415 480 qua
439 404 530 464 crinis
552 405 671 484 religata
693 407 806 485 fulges3

235 489 321 549 Ridet
343 499 464 566 argento
488 489 601 561 domus,
626 509 673 551 ara
698 493 783 554 castis

236 574 339 634 Vincta
362 573 498 633 verbenis
520 584 582 633 avet
606 576 745 636 inmolato

311 658 450 737 spargier
471 676 558 736 agno,

235 775 345 837 Cuncta
367 776 485 836 festinat
507 795 620 849 manus,
642 778 701 838 huc
723 789 752 838 et
774 779 843 840 illuc
903 862 906 868 Ι

235 860 383 922 Cursitant
405 861 511 920 mixtae
535 863 635 940 pueris
656 863 780 940 puellae,

234 945 391 1006 Sordidum
414 946 547 1005 flammae
570 947 719 1024 trepidant
741 957 872 1009 rotantes

309 1031 424 1091 Vertice
447 1032 570 1090 sumum.

235 1148 272 1209 Ut
295 1157 390 1209 lamen
416 1150 497 1208 noris
520 1148 628 1226 quibus
649 1150 799 1212 advoceris

233 1233 360 1307 Gaudiis,
383 1233 452 1293 ldus
474 1233 526 1293 tibi
550 1243 619 1294 sunt
641 1235 780 1313 agendae,

234 1318 291 1388 Qui
312 1316 374 1379 dies
396 1336 529 1378 mensem
552 1319 675 1379 Veneris
697 1321 827 1380 marinae

307 1402 406 1462 Findit
428 1403 567 1481 Aprilem,

232 1523 299 1581 lure
322 1521 473 1581 sollemnis
494 1521 565 1581 mihi
588 1522 778 1600 sanctiorque

233 1607 329 1666 Paene
353 1606 441 1666 natali
464 1607 595 1683 proprio,
619 1606 698 1685 quod
721 1627 756 1667 er
779 1608 834 1668 hac

232 1692 311 1751 Luce
335 1691 487 1751 Maecenas
509 1709 591 1751 meus
613 1693 768 1753 adlluentis

309 1776 434 1836 Ordinat
456 1793 560 1835 annos.
584 1809 624 1818 —

232 1893 404 1971 Telephum,
428 1910 516 1970 quem
538 1903 569 1953 tu
593 1895 678 1972 petis,
702 1895 855 1974 occupavit

232 1978 297 2037 Non
321 1985 388 2038 tuae
411 1977 498 2037 sortis
520 1978 655 2039 iuvenem
677 1980 775 2057 puella

233 2063 316 2122 [lives
339 2072 368 2121 et
390 2062 493 2122 lasciva
516 2072 656 2141 tenetque
679 2075 759 2142 grata

310 2145 456 2224 Compcde
478 2146 618 2207 vinctum.

231 2266 335 2325 Terret
357 2264 509 2325 ambustus
532 2266 682 2327 Phaethon
706 2284 804 2327 avaras
901 2296 903 2301 ·

231 2351 304 2428 Spes
326 2359 354 2409 et
377 2351 543 2427 exemplum
567 2370 653 2429 grave
675 2352 797 2430 praehet
819 2349 877 2409 ales

230 2435 358 2513 Pegasus
380 2442 531 2494 terrenum
555 2437 683 2513 equitem
705 2445 840 2515 gravatus

306 2518 566 2597 Bellerophonten,

230 2638 353 2716 Semper
376 2646 408 2697 ut
429 2647 458 2698 te
480 2638 567 2716 digna
590 2656 713 2715 sequare
737 2648 766 2697 et
787 2637 863 2696 ultra

231 2723 325 2793 Quam
347 2723 415 2784 licet
436 2740 556 2800 sperare
580 2722 661 2782 nelas
684 2721 815 2801 putando

229 2807 380 2885 Disparem
403 2806 483 2869 vites.
527 2808 588 2885 Age
611 2807 677 2881 iam,
701 2824 836 2867 meorum

306 2891 388 2952 Finis
410 2910 543 2952 amorum

230 3009 332 3069 -Non
356 3011 433 3070 euim
457 3010 578 3088 posthac
601 3009 654 3069 alia
678 3009 779 3070 calebo

229 3093 349 3154 Femina
374 3128 396 3165 -,
420 3094 556 3154 condisce
579 3095 691 3165 modos,
716 3092 837 3154 amanda

158 3189 186 3237 ³5
231 3178 308 3238 Voce
331 3198 405 3257 quos
427 3179 547 3239 reddas:
571 3179 744 3239 minuentur
766 3190 845 3239 atrae

307 3263 443 3324 Carmine
466 3281 563 3323 curae.

614 3516 666 3575 Xll

230 3615 289 3675 lam
311 3617 386 3676 veris
410 3616 540 3689 comites,
564 3637 638 3695 quae
660 3635 741 3677 mare
762 3621 939 3692 temperant,

229 3701 387 3778 impellunt
408 3702 521 3762 animae
544 3703 632 3762 lintea
655 3700 805 3771 Thraciae,

185 3901 217 3952 ill
237 3917 258 3952 v.
278 3901 310 3951 24
329 3900 422 3951 victum
438 3902 442 3963 l
458 3903 489 3951 35
509 3900 654 3950 minuuntur
672 3903 706 3963 (o)
