2474 4440
448 306 637 358 SATthRUM
656 309 665 358 l
685 312 706 361 1.

102 477 276 551 Doctores,
299 479 442 538 elementa
465 477 555 537 velint
576 487 609 537 nt
631 479 744 540 discere
767 481 862 558 prima
886 517 937 555 -‚

100 563 175 624 Sed
201 572 300 623 tamen
325 572 422 623 amoto
446 581 621 641 quaeramus
644 566 719 625 seria
742 566 810 626 ludo
834 601 847 611 ·

103 648 169 708 Ille
196 667 314 725 gravem
337 649 412 708 duro
435 658 543 708 terram
567 649 616 726 qui
639 651 723 709 vertit
745 661 852 724 aratro,

103 734 257 794 Perfidus
279 734 326 792 hic
349 752 455 812 caupo,
478 733 562 793 miles
586 742 759 812 nautaeque,
782 755 836 815 per
858 756 945 798 omne

101 820 255 879 Audaces
279 836 358 877 mare
381 819 431 896 qui
454 826 588 887 currunt,
612 818 665 877 hac
688 829 787 879 mente
810 822 939 883 laborem
1084 835 1112 884 ³0

102 904 193 964 Sese
216 905 302 975 ferre,
326 921 413 963 senes
435 903 519 961 utin
545 903 602 962 otia
626 912 687 962 tuta
710 907 859 979 recedant,

104 990 222 1059 Aiunt,
247 1006 313 1048 cum
336 988 391 1048 sibi
415 987 473 1047 sint
496 996 634 1064 congesta
657 988 775 1062 cibaria,
797 992 872 1051 sicut

104 1073 243 1133 Parvola
266 1107 278 1117 ·
302 1092 369 1134 nam
394 1072 528 1151 exemplo
551 1083 595 1131 est
618 1106 630 1116 ·
654 1077 752 1152 magni
775 1076 897 1136 formica
921 1077 1030 1140 laboris

105 1160 178 1220 Ore
204 1159 294 1218 trahit
316 1158 524 1236 quodcumque
548 1165 644 1235 potest
665 1167 754 1236 atque
775 1161 854 1221 addit
876 1179 989 1238 acervo,

107 1245 217 1314 Quem
241 1243 337 1315 struit,
361 1243 437 1302 haud
463 1243 561 1319 ignara
585 1260 619 1301 ac
642 1262 701 1302 non
726 1245 843 1304 incauta
865 1248 967 1307 futuri.
1083 1259 1112 1309 ab

107 1328 213 1399 Quae,
237 1328 323 1387 simul
345 1329 495 1387 inversum
518 1327 671 1387 contristat
694 1330 840 1406 Aquarius
862 1349 982 1407 annum,

108 1413 186 1472 Non
213 1431 335 1491 usquam
359 1413 492 1490 prorepit
513 1422 542 1471 et
563 1412 620 1471 illis
641 1413 735 1472 utitur
757 1425 825 1475 ante

108 1498 266 1568 Quaesitis
288 1497 415 1575 sapiens,
439 1515 505 1556 cum
528 1507 557 1556 te
580 1515 677 1574 neque
702 1499 829 1560 lervidus
851 1511 949 1562 aestus

109 1583 279 1643 Demoveat
301 1583 384 1643 lucro
408 1601 505 1660 neque
528 1583 630 1652 hiems,
653 1583 740 1659 ignis,
763 1602 853 1656 mare,
876 1588 997 1660 ferrum,

110 1667 165 1727 Nil
189 1668 287 1728 obstet
308 1667 371 1739 tibi,
394 1667 462 1727 dum
488 1686 524 1726 ne
548 1667 585 1726 sit
607 1675 635 1726 te
658 1668 746 1727 ditior
767 1669 849 1729 alter.
1081 1683 1111 1732 40

112 1753 198 1822 Quid
222 1753 308 1823 iuvat,
332 1752 501 1811 inmensum
524 1760 553 1810 te
576 1753 689 1829 argenti
713 1755 830 1830 pondus
854 1764 883 1814 et
903 1756 966 1815 auri

112 1836 234 1898 Furtim
258 1837 372 1897 defossa
395 1837 527 1897 timidum
552 1837 702 1914 deponere
725 1837 826 1898 terra?

108 1918 227 1995 ‘Quod
250 1923 274 1982 si
297 1922 481 1990 conminuas,
505 1922 589 1981 vilem
612 1921 762 2001 redigatur
784 1925 818 1984 ad
841 1920 954 1985 assem.²

114 2011 154 2067 At
179 2008 209 2066 ni
233 2007 261 2066 id
284 2009 325 2078 fit,
349 2007 418 2085 quid
444 2007 531 2067 habet
553 2006 669 2085 pulchri
692 2017 880 2070 constructus
902 2009 1044 2072 acervus?

115 2092 197 2152 Milia
221 2093 361 2152 lrumenti
384 2102 434 2151 tua
456 2092 569 2152 triverit
591 2110 656 2150 area
680 2103 811 2168 centum,
1080 2107 1108 2156 45

114 2176 183 2238 Non
209 2187 278 2238 tuus
299 2178 356 2236 hoc
379 2177 474 2254 capiet
495 2186 596 2236 venter
619 2176 685 2254 plus
707 2196 740 2237 ac
762 2198 855 2252 meus,
879 2189 919 2253 ut,
943 2180 967 2240 si

115 2260 285 2322 Reticulum
309 2262 394 2340 panis
417 2262 525 2322 venalis
548 2262 625 2320 inter
648 2272 756 2323 onusto
873 2321 876 2326 ,
948 2262 950 2267 ”

115 2345 207 2407 Forte
228 2348 316 2407 vehas
339 2366 451 2418 umero,
476 2346 567 2406 nihilo
591 2347 657 2425 plus
679 2348 804 2426 accipias
826 2367 913 2426 quam

117 2432 176 2502 Oui
200 2432 242 2491 nil
263 2433 397 2510 portarit.
442 2431 495 2490 Vel
517 2432 572 2504 dic,
596 2433 666 2509 quid
689 2434 799 2492 reserat
821 2434 898 2493 intra

115 2517 246 2577 Naturae
269 2518 335 2577 linis
357 2517 474 2589 viventi,
498 2517 597 2595 iugera
621 2526 741 2577 centum
764 2537 800 2578 an
1079 2529 1109 2578 to

116 2602 196 2662 Mille
219 2600 303 2661 aret?
340 2597 391 2661 ‘at
412 2621 500 2661 suave
522 2613 566 2662 est
588 2621 622 2660 ex
644 2619 751 2678 magno
771 2602 874 2667 tollere
897 2597 1020 2662 acervo.³

119 2688 193 2747 Dum
218 2706 252 2746 ex
275 2705 364 2766 parvo
388 2686 475 2747 nobis
497 2688 670 2746 tantundem
695 2687 812 2768 haurire
834 2686 994 2764 relinquas,

118 2771 177 2832 Cur
199 2781 249 2831 tua
272 2772 339 2850 plus
361 2772 460 2832 laudes
482 2772 609 2831 cumeris
632 2772 767 2849 granaria
790 2769 921 2831 nostris?

118 2857 157 2916 Ut
179 2857 233 2917 tibi
256 2857 279 2917 si
303 2858 340 2917 sit
363 2875 438 2935 opus
460 2857 562 2934 liquidi
586 2875 646 2914 non
671 2856 795 2935 amplius
817 2873 892 2915 urna

118 2942 170 3001 Vel
193 2943 298 3021 cyatho
321 2952 351 3002 et
372 2942 451 3002 dicas
471 2935 592 3020 ‘magno
616 2942 652 3000 de
674 2942 796 3001 flumine
820 2940 926 3010 malim,
1080 2953 1108 3001 55

118 3027 212 3096 Quam
237 3046 272 3086 ex
294 3027 350 3086 hoc
373 3026 516 3087 lonticulo
539 3026 714 3086 tantundem
737 3020 872 3087 sumere.>
918 3024 961 3084 Eo
984 3028 1025 3099 tit,

118 3111 238 3171 Plenior
260 3120 293 3171 ut
315 3112 339 3172 si
362 3131 436 3190 quos
459 3112 585 3170 delectet
607 3112 691 3188 copia
714 3112 800 3184 iusto,

118 3195 189 3255 Cum
213 3197 277 3275 ripa
300 3197 385 3257 simul
409 3197 522 3256 avolsos
545 3197 620 3255 lerat
642 3196 763 3256 Aufidus
787 3214 863 3256 acer.

119 3282 226 3359 Atqui
250 3281 354 3341 tantuli
379 3291 453 3359 eget,
477 3290 588 3358 quanto
613 3291 657 3340 est
680 3300 763 3360 opus,
787 3282 811 3342 is
834 3299 932 3358 neque
954 3280 1024 3341 limo

119 3366 276 3425 Turbatam
292 3366 390 3425 haurit
404 3385 508 3444 aquam
525 3384 623 3443 neque
639 3365 726 3424 vitam
743 3367 846 3426 amittit
863 3366 893 3424 in
911 3365 1007 3426 undis.
1079 3377 1108 3425 60

119 3451 255 3510 Athona
277 3469 345 3530 pars
366 3452 519 3511 hominum
543 3451 666 3528 decepta
690 3452 829 3529 cupidine
852 3450 925 3510 salso

117 3528 173 3595 ‘hil
195 3536 265 3596 satis
288 3532 349 3608 est,³
375 3537 471 3614 inquit
490 3529 571 3614 ‘quia
594 3536 666 3594 tanti
691 3546 833 3614 quantum
857 3534 964 3594 habeas
987 3529 1044 3594 sis?

121 3620 194 3688 Ouid
216 3621 304 3681 iacias
327 3619 390 3680 illi?
413 3620 514 3682 iubeas
537 3621 678 3681 miserum
702 3639 775 3694 esse,
798 3621 924 3680 libenter

120 3703 269 3773 Quatenus
292 3706 320 3765 id
346 3706 424 3779 lacit,
447 3717 480 3765 ut
503 3706 620 3784 quidam
644 3715 824 3766 memoratur
845 3704 968 3765 Athenis

97 3833 236 3848 χ----

124 3919 132 3966 l
149 3937 170 3972 o.
189 3925 221 3974 38
240 3923 339 3988 patiens
355 3921 359 3987 Ι
376 3925 408 3974 tt
427 3937 502 3988 quam
519 3923 522 3988 Ι
539 3926 571 3974 55
591 3923 691 3973 mallem
708 3922 712 3988 Ι
728 3925 760 3973 59
778 3921 877 3971 tantulo
890 3920 924 3983 (v)
940 3921 944 3983 l
961 3921 991 3971 61
1007 3921 1043 3980 at]
1055 3919 1104 3983 tol:

105 3986 133 4037 63
149 3991 261 4042 miseram
280 3991 368 4041 Booti.
1112 4056 1139 4175 ¹
