2474 4440
112 267 171 326 116
396 240 401 244 ’
491 266 620 320 uronou
642 271 681 321 te.
701 272 741 321 14.
768 271 806 320 15.

193 439 296 503 Cetera
321 439 403 499 mitte
425 438 522 517 loqui:
545 439 618 499 deus
639 439 712 500 haec
736 441 859 504 tortasse
883 439 1013 520 benigna

259 524 392 585 Reducet
413 525 443 585 in
467 523 566 585 sedem
588 523 660 584 vioe.
702 524 789 585 Nunc
811 533 840 585 et
863 525 1062 588 Achaemenio

193 610 336 671 Perfundi
360 609 452 670 nardo
474 610 553 670 iuvat
574 617 603 669 et
625 608 682 668 lide
705 609 839 689 Cyllenea

108 705 136 756 10
261 695 372 771 Levare
393 694 464 755 diris
485 701 605 773 pectora
628 693 883 769 sollicitudinibus

194 778 307 841 Nobilis
330 788 363 839 ut
385 778 494 839 cecinit
514 778 620 857 grandi
643 778 807 839 Centaurus
829 780 966 841 alumno:

257 859 391 938 ‘lnvicte‚
414 862 547 924 mortalis
569 864 622 922 dea
646 873 714 923 nate
736 883 812 943 puer
833 864 966 937 Thetide,

193 948 235 1010 Te
258 959 359 1010 manet
381 948 513 1010 Assaraci
535 948 632 1020 tellus,
656 966 743 1026 quam
767 949 870 1027 frigida
892 950 974 1029 pravi

261 1035 394 1095 Findunt
416 1033 587 1095 Scamandri
609 1033 729 1093 flumina
752 1033 885 1095 lubricus
907 1045 938 1095 et
961 1035 1077 1110 Simois,

109 1130 137 1180 15
195 1119 280 1180 Unde
302 1119 355 1179 tihi
376 1118 502 1179 reditum
526 1126 606 1179 certo
629 1117 796 1179 subtemine
820 1119 928 1181 Parcae

261 1204 381 1283 Rupere
404 1221 459 1264 nec
482 1212 575 1263 mater
597 1203 717 1263 domum
740 1204 856 1265 caerula
878 1212 908 1266 te
931 1205 1060 1266 revehet.
1079 1252 1081 1259 ,

194 1288 257 1350 Illic
279 1307 368 1349 omne
390 1289 498 1349 malum
521 1287 589 1347 vino
612 1297 762 1366 cantuque
784 1289 887 1361 levato,

262 1375 407 1442 Deformis
430 1372 628 1452 aegrimoniae
650 1372 785 1435 dulcibus
807 1368 969 1453 adloquiis.³

573 1523 726 1535 ——

617 1626 682 1685 XlV

197 1746 292 1808 hlollis
314 1745 419 1806 inertia
442 1762 495 1804 cur
516 1753 629 1804 tantam
651 1744 801 1805 diffuderit
823 1745 888 1806 imis

266 1830 453 1892 Oblivionem
476 1828 621 1904 sensibus,

197 1915 306 1976 Pocula
328 1916 471 1976 Lethaeos
493 1922 526 1974 ut
546 1914 571 1974 si
594 1913 730 1974 ducentia
753 1932 873 1974 somnos

264 1999 375 2060 Arente
397 2001 481 2059 lance
502 1999 649 2072 traxerim,

140 2097 155 2144 5
199 2083 328 2146 Candide
350 2084 511 2156 Maecenas,
535 2084 643 2144 occidis
665 2101 752 2161 saepe
774 2084 923 2161 rogando:

264 2170 352 2242 Deus,
375 2170 447 2229 deus
470 2187 536 2229 nam
559 2187 606 2229 me
627 2176 713 2240 vetat,

199 2251 338 2332 lnceptos
361 2254 440 2325 olim,
462 2254 639 2333 promissum
663 2271 792 2326 carmen,
816 2251 929 2313 iambos

265 2339 310 2399 Ad
334 2337 504 2398 umbilicum
528 2340 682 2399 adducere.
705 2372 747 2382 -

198 2423 264 2483 Non
288 2423 371 2484 aliter
394 2424 490 2484 Samio
514 2424 616 2484 dicunt
638 2422 743 2484 arsisse
766 2421 898 2501 Bathyllo

114 2518 142 2568 to
262 2510 447 2569 Anacreonta
469 2508 581 2578 Teium,

200 2592 257 2663 Qui
279 2611 422 2672 persaepe
445 2610 511 2653 cava
534 2593 681 2653 testudine
703 2591 782 2651 flevit
804 2609 935 2652 amorem

266 2678 332 2739 Non
356 2677 536 2739 elaboratum
560 2677 595 2736 ad
618 2678 732 2757 pedem.

199 2761 300 2824 Ureris
323 2764 386 2842 ipse
408 2764 511 2836 miser;
535 2763 640 2841 quodsi
664 2781 724 2822 non
747 2760 900 2840 pulchrior
923 2760 1011 2839 ignis

265 2848 410 2909 Accendit
432 2849 579 2909 obsessam
603 2847 687 2919 ilion,

128 2943 156 2992 15
200 2931 300 2994 Gaude
321 2943 402 2995 sorte
424 2942 488 2993 tua:
513 2951 560 2992 me
582 2932 728 3006 libertina,
752 2948 807 2990 nec
830 2948 892 2989 uno

268 3018 423 3092 Contenta,
447 3018 564 3097 Phryne
587 3027 723 3076 manerat.

622 3270 671 3329 XV

201 3387 265 3448 Nor
288 3397 350 3448 erat
372 3396 401 3448 et
423 3388 503 3448 eaelo
527 3387 657 3468 fulgebat
679 3387 762 3447 Luna
786 3404 892 3447 sereno

268 3471 351 3533 lnter
372 3473 488 3532 minora
510 3472 614 3543 sidera,

202 3671 256 3724 Xlll
273 3690 297 3725 o.
319 3677 349 3726 11
370 3672 458 3738 grandi
476 3672 569 3723 cecinit
594 3671 598 3740 Ι
625 3674 654 3724 13
673 3671 754 3738 pravi]
777 3686 801 3720 o.
826 3671 843 3721 l.
868 3670 898 3719 in
916 3668 1015 3719 acholio
1035 3667 1165 3734 Cruqua'oo

117 3741 203 3794 allato
221 3739 256 3802 cf.
276 3756 370 3794 comm.
396 3738 543 3804 Woelfflin.
559 3756 587 3805 p.
612 3745 670 3793 110:
689 3740 760 3805 parui
779 3738 843 3788 libri
861 3737 916 3787 ravi
939 3737 960 3789 I.
981 3735 1113 3787 Oberdick
1129 3753 1165 3789 on

114 3810 280 3931 {gleburlgbb
280 3813 391 3930 31Ξέ34.
418 3807 462 3878 (A.
489 3810 520 3861 u.
549 3809 685 3860 Housman
715 3823 810 3873 potero.
841 3803 876 3866 of
893 3805 957 3871 phil.
975 3802 1164 3874 xv11,3192q.

151 4018 166 4045 n·
200 3944 258 3999 le
275 3963 300 4003 o.
318 3950 333 4000 't
351 3946 476 4025 inceptos,
493 3944 555 3995 olim
574 3944 726 4010 promissum
744 3941 779 3992 al.
