2474 4440
415 237 645 292 EPISTULARUM
663 239 684 292 ll
703 245 725 292 1.

121 412 258 484 Securus,
282 411 366 472 cadat
387 430 424 472 an
448 423 530 473 recto
553 421 609 473 stet
632 411 729 474 fabula
751 413 820 473 talo.

120 496 211 566 Quem
235 497 302 557 tulit
324 497 359 556 ad
381 515 517 558 scaenam
540 508 661 558 ventoso
686 497 784 558 Gloria
807 515 907 569 curru,

119 580 272 643 Exanimat
294 582 393 643 lentus
414 593 573 661 spectator,
596 583 715 643 sedulus
737 583 833 643 inflat:

120 666 165 727 Sic
187 667 260 740 leve,
282 668 326 728 sic
347 685 469 746 parvum
493 678 546 740 est,
569 668 699 727 animum
723 667 801 746 quod
825 668 917 729 laudis
939 686 1055 730 ararum

120 751 242 813 Subruit
264 762 314 812 aut
336 751 438 813 reiicit.
483 752 582 813 Valeat
603 771 651 814 res
673 753 794 826 ludicra,
817 753 840 813 si
863 772 910 814 me
1064 764 1107 816 180

120 836 216 898 Palma
239 846 345 915 negata
366 855 508 911 macrum,
532 838 638 898 donata
662 838 775 899 reducit
796 838 936 917 opimum.
958 874 1000 885 -

121 922 213 1002 Saepe
236 923 322 983 etiam
345 924 482 983 audacem
508 924 588 1000 lugat
609 924 666 983 hoc
689 932 840 1001 terretque
864 932 989 1002 poetam,

121 1006 204 1077 Quod
227 1026 353 1068 numero
375 1007 485 1086 plures,
508 1008 615 1068 virtute
637 1017 666 1069 et
688 1008 802 1068 honore
824 1008 962 1080 minores,

119 1090 233 1152 lndocti
255 1093 411 1171 stolidique
435 1103 463 1153 et
486 1093 656 1172 depugnare
678 1093 781 1171 parati,

121 1176 148 1237 Si
171 1177 319 1238 discordet
341 1196 440 1256 eques
463 1179 558 1238 media
580 1178 658 1238 inter
681 1178 811 1238 carmina
835 1187 963 1258 poscunt
1062 1188 1105 1240 185

119 1264 175 1322 Aut
197 1281 300 1324 ursum
323 1273 373 1323 aut
394 1264 526 1343 pugiles3
550 1263 594 1323 his
617 1281 683 1324 nam
707 1263 860 1342 plebecula
882 1264 997 1341 gaudet.

122 1345 225 1407 Verum
249 1348 355 1427 equitis
378 1367 497 1427 quoque
520 1348 576 1408 iam
600 1349 733 1427 migravit
755 1348 791 1408 ab
814 1367 884 1410 aure
908 1349 1040 1428 voluptas

120 1432 222 1494 Omnis
244 1435 278 1494 ad
301 1433 432 1494 incertos
456 1434 558 1494 oculos
580 1443 609 1493 11
630 1433 734 1512 gaudia
758 1451 845 1494 vana:

119 1517 264 1587 Quattuor
286 1528 336 1579 aut
357 1519 452 1598 pluris
475 1519 575 1579 aulaea
598 1529 777 1596 premuntur
799 1520 828 1579 in
852 1520 949 1589 horas,

118 1602 193 1663 Dum
217 1603 336 1680 lugiunt
358 1604 490 1682 equitum
513 1613 626 1663 turmae
650 1603 840 1682 peditumque
860 1613 1007 1679 catervae3
1062 1613 1106 1664 190

118 1686 185 1748 blor
207 1688 333 1748 trahitur
356 1689 492 1749 manibus
514 1706 616 1767 regum
640 1691 759 1749 fortuna
781 1689 909 1762 retortis,

117 1770 227 1834 Esseda
251 1773 401 1846 festinant,
425 1774 544 1853 pilenta,
568 1774 720 1852 petorrita,
743 1791 840 1847 naves,

119 1857 271 1938 Captivum
293 1868 429 1937 portatur
451 1858 535 1931 ebur,
558 1859 669 1937 captiva
691 1857 859 1920 Corinthun.

119 1945 149 2005 Si
172 1945 250 2005 loret
272 1944 302 2003 in
326 1943 422 2016 terris,
445 1944 554 2005 rideret
577 1943 770 2018 democritus,
793 1961 845 2005 seu

119 2029 272 2090 Diversum
296 2029 420 2090 confusa
442 2047 537 2108 genus
560 2029 702 2108 panthera
726 2029 836 2089 camelo
1063 2038 1104 2089 195

120 2115 184 2177 Sive
207 2114 327 2193 elephas
349 2114 432 2175 albus
453 2113 530 2192 volgi
554 2123 741 2175 converteret
764 2132 824 2186 ora,

119 2200 271 2279 Spectaret
293 2201 437 2280 populum
460 2199 537 2260 ludis
560 2200 701 2261 attentius
722 2200 794 2278 ipsis

118 2285 155 2346 Ut
177 2284 233 2347 sibi
256 2284 450 2364 praebentem
473 2284 564 2345 nimio
587 2285 754 2364 spectacula
777 2285 871 2365 plura,

119 2370 285 2449 Scriptores
307 2379 405 2431 autem
430 2388 551 2430 narrare
574 2379 690 2450 putaret
712 2370 800 2431 asello

118 2455 265 2516 Fabellam
288 2457 388 2517 surdo.
433 2455 506 2515 Nam
531 2473 606 2535 quae
627 2456 801 2534 pervincere
823 2473 910 2515 voces
1062 2465 1106 2516 100

119 2540 261 2602 Evaluere
283 2559 399 2614 sonum,
422 2542 558 2602 referunt
580 2559 669 2617 quem
693 2548 794 2602 nostra
816 2537 951 2600 theatra?

118 2625 286 2704 Garganum
309 2627 424 2704 mugire
446 2636 533 2705 putes
556 2644 662 2686 nemus
683 2635 733 2685 aut
755 2643 835 2685 mare
858 2625 997 2698 Tuscum,

118 2711 212 2772 Tanto
235 2729 301 2771 cum
324 2711 450 2791 strepitu
473 2711 532 2771 ludi
556 2718 729 2790 spectantur
750 2719 780 2770 et
802 2719 880 2771 artes

118 2795 298 2874 [divitiaeque
322 2796 507 2876 peregrinae,
531 2796 639 2875 quibus
662 2794 769 2856 oblitus
792 2804 874 2855 actor

119 2881 191 2942 Cum
214 2881 295 2941 stetit
315 2882 345 2942 in
370 2900 486 2954 scaena,
510 2882 663 2943 concurrit
684 2881 804 2941 dextera
827 2880 933 2941 laevae.
1062 2889 1104 2939 101

118 2965 196 3027 Dixit
218 2967 313 3026 adhuc
336 2963 467 3045 aliquid?
511 2967 558 3027 Nil
580 2985 661 3028 sane.
706 2965 784 3037 Quid
806 2966 903 3044 placet
926 2961 1019 3044 ergo?

117 3051 197 3112 Lana
221 3051 383 3112 Tarentino
407 3050 495 3112 violas
517 3052 628 3113 imitata
651 3070 776 3112 veneno.
800 3084 841 3095 -

118 3137 160 3197 Ae
183 3154 221 3197 ne
245 3138 320 3196 forte
343 3145 429 3216 putes
452 3155 508 3210 me,
532 3156 606 3215 quae
629 3138 725 3197 111111
748 3136 812 3215 ipse
834 3151 976 3206 recusem,

119 3219 191 3281 Cum
214 3231 294 3282 recte
316 3229 444 3283 tractent
466 3221 522 3295 alii,
546 3223 664 3282 laudare
686 3221 830 3299 maligne:

88 3375 89 3379 η
118 3305 168 3367 1111
192 3324 247 3385 per
269 3316 418 3368 extentum
444 3307 545 3366 lunem
568 3307 638 3367 mihi
662 3324 749 3385 posse
771 3305 886 3365 ridetur
1062 3311 1106 3362 110

118 3390 164 3451 111
186 3400 282 3470 poeta,
306 3410 403 3453 meum
428 3391 478 3468 qui
501 3402 604 3470 pectus
627 3392 756 3452 inaniter
778 3389 869 3468 angit,

119 3475 231 3549 lnritat,
256 3477 374 3550 mulcet,
397 3476 476 3537 falsis
498 3476 663 3537 terroribus
686 3475 788 3555 implet

118 3560 155 3621 Ut
176 3579 291 3640 magus,
314 3572 344 3623 et
366 3562 453 3623 modo
477 3579 524 3620 me
547 3561 664 3635 Thebis,
688 3563 775 3622 modo
798 3560 884 3640 ponit
905 3559 1036 3620 Athenis.

73 3689 234 3705 5-—

119 3794 170 3847 lv.
191 3797 240 3848 186
259 3794 362 3860 gaudet]
381 3812 395 3846 o
414 3795 463 3846 Ba,
483 3796 589 3862 plaudet
606 3813 621 3846 v
639 3794 738 3863 plaudit
755 3798 789 3861 (o)
817 3796 821 3862 Ι
849 3797 897 3848 196
920 3792 1074 3845 conuerterit
1099 3789 1103 3859 Ι

73 3858 300 3996 ΒεῃῐιθίιῖἰὶοῙῐ-ἷὲε
323 3865 400 3915 mimo
425 3865 429 3930 Ι
457 3866 507 3917 tot
525 3865 624 3916 obsitus
644 3864 770 3931 Gupetus,
787 3864 956 3916 Eclrsteim'us
982 3860 986 3927 Ι
1011 3861 1106 3913 21311
