2474 4440
439 239 668 293 EPISTULARUM
687 241 696 294 i
715 245 739 295 2.
1065 247 1123 306 187

134 411 189 474 Cui
212 412 370 491 pulchrum
393 413 449 472 fuit
472 413 502 473 in
525 413 639 474 medios
660 413 790 475 dormire
813 415 875 476 dies
897 427 927 476 et
1096 431 1125 481 at
1198 484 1200 489 ,

127 497 178 557 Ad
202 497 358 576 strepitum
381 497 510 558 citharae
533 509 678 559 cessatum
701 500 810 560 ducere
832 520 981 562 somnum.
1006 539 1046 548 —

127 581 172 643 Ut
194 582 331 662 iugulent
353 582 513 656 hominem,
536 593 664 662 surgunt
686 584 721 644 de
744 594 833 646 nocte
856 586 994 661 latrones,

123 666 172 728 Ut
194 676 224 729 te
246 668 342 747 ipsum
365 686 471 738 serves,
495 687 556 728 non
580 667 814 748 expergisceris?
837 672 917 749 atqui

124 752 164 813 Si
189 753 274 813 noles
295 770 395 824 sanus,
418 771 520 814 curres
542 753 731 833 hydropicus,
756 763 785 815 et
807 755 838 815 ui

122 836 244 898 Posces
267 846 336 898 aute
358 837 436 898 diem
457 837 565 898 librum
589 856 656 898 cum
680 839 802 912 lumine,
825 840 849 901 si
873 860 932 902 uon
1094 857 1123 907 35

121 921 276 984 luteudes
298 923 430 982 animum
451 923 555 984 studiis
577 932 606 983 et
629 923 719 984 rebus
741 925 882 996 honestis,

122 1008 244 1068 Invidia
267 1007 313 1067 vol
334 1026 435 1068 amore
458 1009 525 1086 vigil
548 1009 737 1087 torquebere.
781 1009 853 1070 Nam
877 1029 939 1082 cur,

123 1092 216 1164 Quae
239 1093 359 1154 laedunt
381 1092 509 1165 oculum,
532 1094 653 1154 festinas
676 1093 804 1167 demere,
826 1095 921 1174 siquid

123 1176 187 1238 Est
207 1179 350 1250 animum,
373 1178 473 1238 differs
495 1179 618 1239 curandi
640 1188 756 1258 tempus
780 1180 810 1239 in
834 1180 970 1242 annum?

125 1262 293 1324 Dimidium
314 1262 382 1323 iacti
405 1263 455 1341 qui
479 1263 577 1342 coepit
600 1263 702 1338 habet;
725 1283 829 1343 sapere
853 1267 936 1340 aude,
1092 1280 1121 1330 to

126 1347 243 1427 incipe.
287 1347 409 1408 Vivendi
433 1349 483 1427 qui
506 1359 587 1408 recte
609 1357 750 1426 prorogat
772 1350 885 1428 horam,

126 1431 273 1495 Rusticus
294 1442 452 1513 exspectat,
475 1435 544 1494 dum
568 1433 676 1494 detluat
698 1436 809 1508 amuis;
831 1443 861 1495 at
883 1437 930 1496 ilie

131 1517 255 1579 Labitur
277 1526 306 1578 et
327 1517 443 1579 labetur
464 1519 494 1578 in
519 1537 608 1579 omne
629 1519 765 1580 volubilis
788 1538 900 1581 aevum.
924 1557 965 1568 -

132 1602 292 1673 Quaeritur
314 1612 469 1681 argentum
491 1604 651 1682 puerisque
673 1602 757 1664 beata
780 1606 915 1666 creandis

132 1687 211 1749 Uxor
233 1698 262 1749 et
283 1689 412 1749 incultae
434 1697 578 1767 pacantur
599 1706 717 1749 vomere
739 1689 843 1763 siivae3
1090 1703 1119 1753 45

132 1771 217 1842 Quod
239 1775 309 1835 satis
331 1782 377 1835 est
398 1775 445 1834 cui
468 1774 624 1852 contingit,
648 1774 721 1834 nihil
743 1774 868 1853 amplius
890 1785 981 1854 optet.

132 1856 196 1919 Non
220 1859 324 1920 domus
346 1868 375 1920 et
396 1859 516 1932 fundus,
540 1877 600 1919 non
625 1859 700 1920 acris
722 1877 843 1921 acervus
866 1870 895 1920 et
916 1862 979 1922 auri

131 1945 259 2024 Aegroto
282 1943 394 2004 domini
417 1943 536 2004 deduxit
559 1962 685 2022 corpore
707 1943 807 2018 febris,

131 2028 195 2089 Non
219 2029 317 2089 animo
341 2047 443 2102 ouras;
465 2029 559 2089 valeat
580 2047 733 2107 possessor
755 2038 882 2109 oportet,

132 2114 160 2173 Si
182 2115 375 2193 comportatis
396 2115 486 2174 rebus
507 2114 585 2174 hene
609 2115 718 2193 cogitat
739 2115 792 2175 uti.
1088 2126 1118 2175 55

132 2197 186 2269 Oui
209 2199 291 2279 cupit
312 2208 363 2260 aut
383 2199 498 2274 metuit,
521 2199 598 2258 iuvat
621 2199 703 2259 illum
725 2200 767 2261 sic
790 2201 893 2261 domus
916 2211 945 2260 et
967 2220 1024 2274 res,

132 2283 168 2345 Ut
188 2285 302 2364 lippum
325 2285 421 2363 pictae
442 2284 568 2357 tabulae,
591 2285 721 2345 fomenta
744 2287 913 2365 podagram,

130 2370 283 2431 Auricuias
307 2370 433 2431 citharae
457 2369 578 2431 collecta
600 2370 688 2429 sorde
711 2369 846 2432 dolentis.

131 2452 286 2515 Sincerum
309 2464 353 2516 est
376 2455 430 2516 nisi
453 2473 511 2528 vas,
535 2455 742 2534 quodcumque
765 2455 898 2517 infundis
920 2456 1043 2530 acescit;

130 2537 243 2617 Sperne
265 2539 443 2618 voluptates:
467 2552 555 2600 nocet
576 2549 673 2618 empta
696 2538 797 2599 dolore
818 2540 967 2618 voluptas3
1087 2551 1116 2600 55

130 2623 251 2705 Semper
272 2643 375 2686 avarus
400 2634 480 2703 eget:
504 2633 617 2686 certum
639 2634 707 2683 voto
730 2633 797 2702 pete
820 2625 924 2699 tinem;

130 2709 247 2772 luridus
269 2709 389 2771 alterius
410 2710 567 2771 macrescit
588 2709 676 2770 rebus
699 2708 814 2787 opimis,

130 2793 238 2855 invidia
260 2795 351 2856 Siculi
373 2813 436 2855 uon
458 2795 598 2855 invenere
620 2793 739 2874 tyranni

130 2878 220 2940 Maius
242 2886 433 2940 tormentum.
479 2878 536 2950 Qui
559 2898 619 2939 non
642 2878 844 2939 moderabitur
865 2878 935 2949 irae,

129 2963 272 3025 iniectum
295 2965 373 3025 volet
394 2983 457 3025 esse
480 2965 565 3025 dolor
586 2965 664 3043 quod
688 2963 814 3024 suaserit
834 2971 864 3024 et
887 2981 980 3034 mens,
1087 2974 1116 3023 60

129 3049 203 3109 Dum
225 3067 338 3128 poenas
361 3049 428 3110 odio
452 3068 505 3128 per
528 3050 584 3110 vim
606 3050 725 3110 festinat
747 3049 853 3110 inulto.

129 3133 171 3193 ira
194 3135 279 3195 iuror
301 3134 398 3195 brevis
420 3142 479 3209 ost3
503 3135 633 3195 animum
656 3153 734 3214 rege,
759 3135 809 3214 qui
832 3133 888 3194 nisi
910 3142 1003 3211 paret,

128 3218 269 3297 lntperat;
291 3219 373 3280 huuc
396 3219 496 3292 irenis,
518 3221 599 3279 huuc
621 3229 653 3279 tu
676 3238 830 3298 compesce
853 3226 964 3279 catena.
987 3252 1029 3262 —

128 3302 226 3383 Fingit
248 3322 356 3383 equum
379 3313 482 3365 tenera
504 3304 629 3365 docilem
652 3305 765 3365 cervice
788 3304 926 3381 magister

83 3414 246 3432 5-—

129 3503 147 3554 11
164 3520 187 3555 υ.
206 3507 237 3558 31
252 3508 378 3556 cessatum
391 3503 482 3556 ducere
495 3508 621 3568 somnum]
634 3505 671 3554 Bt
682 3507 732 3570 tut:
751 3509 878 3557 cessatum
890 3504 982 3556 ducere
995 3519 1080 3556 curam
1099 3522 1114 3555 v

83 3578 184 3623 satutem
207 3572 300 3625 ducere
319 3570 440 3624 Somnum
460 3573 544 3624 Bentl.
572 3574 576 3638 Ι
603 3573 770 3625 denomines
797 3575 800 3636 Ι
827 3574 859 3624 33
883 3580 961 3639 atque
980 3574 1022 3636 (=
1040 3573 1111 3636 B⁰ti

83 3639 161 3690 :uotis
179 3642 214 3705 (o)
230 3640 235 3706 Ι
250 3655 323 3692 cures
341 3642 375 3705 (u)
391 3643 394 3704 Ι
410 3642 442 3693 38
461 3641 569 3705 oculos}
591 3640 683 3707 siquod
701 3642 735 3704 (v)
756 3642 761 3706 Ι
782 3644 813 3693 41
835 3641 877 3708 qui
897 3646 964 3691 recte
983 3639 1086 3691 uiuendi
1108 3638 1111 3706 i

83 3725 85 3744 ι
102 3705 190 3759 iebrem
208 3711 244 3771 (u)
260 3709 263 3774 Ι
280 3709 312 3760 52
325 3713 437 3760 tomenta
451 3708 624 3770 Bouhierr'us3
644 3709 773 3773 Mt1874;
790 3709 860 3760 stud.
874 3710 938 3759 Hor.
951 3706 1008 3758 rudi.
1024 3707 1068 3759 Gr.
1082 3707 1113 3760 tt.

100 3775 203 3841 toteqp
226 3778 253 3828 Ρ.
272 3776 398 3827 Atarneus
413 3777 505 3842 philol.
526 3777 796 3841 Untorruclmngenl
817 3780 830 3827 1
849 3777 1008 3839 (Hamdurgi
1029 3778 1114 3840 tutat,

100 3841 121 3890 tt
133 3859 200 3908 sqq.;
222 3843 334 3895 loments
352 3844 420 3896 netu.
440 3846 542 3896 Honore
561 3846 593 3895 do
611 3846 674 3899 Hor.
692 3861 732 3911 ep.
749 3844 759 3895 l
778 3847 792 3897 3
811 3845 969 3905 (Zdlla'cdao.
993 3861 1017 3895 a.
1038 3847 1115 3907 1858)

100 3907 279 3977 iipodagrum
296 3913 331 3975 (o)
348 3912 432 3963 Booti.
449 3916 501 3976 159
520 3914 581 3964 iram
600 3917 634 3977 (o)
650 3915 653 3978 t
670 3915 701 3966 63
720 3913 816 3964 catenis
834 3914 870 3976 (a)
