<?xml version="1.0" encoding="UTF-8"?>
<!DOCTYPE html PUBLIC "-//W3C//DTD XHTML 1.0 Transitional//EN"
    "http://www.w3.org/TR/xhtml1/DTD/xhtml1-transitional.dtd">
<html xmlns="http://www.w3.org/1999/xhtml" xml:lang="en" lang="en">
 <head>
  <title>
</title>
<meta http-equiv="Content-Type" content="text/html;charset=utf-8" />
  <meta name='ocr-system' content='tesseract 3.04.00' />
  <meta name='ocr-capabilities' content='ocr_page ocr_carea ocr_par ocr_line ocrx_word'/>
</head>
<body>
  <div class='ocr_page' id='page_1' title='image "./qhoratiiflaccic00hertgoog_0189.png"; bbox 0 0 2474 4440; ppageno 0'>
   <div class='ocr_carea' id='block_1_1' title="bbox 60 246 734 320">
    <p class='ocr_par' dir='ltr' id='par_1_1' title="bbox 60 246 734 320">
     <span class='ocr_line' id='line_1_1' title="bbox 60 246 734 320; baseline -0.001 -17"><span class='ocrx_word' id='word_1_1' title='bbox 60 246 121 304; x_wconf 83' lang='lat'>174</span> <span class='ocrx_word' id='word_1_2' title='bbox 464 248 654 320; x_wconf 74' lang='lat' dir='ltr'>surraunuu</span> <span class='ocrx_word' id='word_1_3' title='bbox 672 249 692 301; x_wconf 92' lang='lat' dir='ltr'>n</span> <span class='ocrx_word' id='word_1_4' title='bbox 711 254 734 302; x_wconf 82' lang='lat' dir='ltr'>a.</span> 
     </span>
    </p>
   </div>
   <div class='ocr_carea' id='block_1_2' title="bbox 51 419 1119 3649">
    <p class='ocr_par' dir='ltr' id='par_1_2' title="bbox 137 419 1119 2948">
     <span class='ocr_line' id='line_1_2' title="bbox 144 419 1083 500; baseline 0.001 -18"><span class='ocrx_word' id='word_1_5' title='bbox 144 422 223 500; x_wconf 87' lang='lat' dir='ltr'>Ergo</span> <span class='ocrx_word' id='word_1_6' title='bbox 246 419 298 481; x_wconf 92' lang='lat' dir='ltr'>ubi</span> <span class='ocrx_word' id='word_1_7' title='bbox 321 420 420 479; x_wconf 95' lang='lat' dir='ltr'>mein</span> <span class='ocrx_word' id='word_1_8' title='bbox 443 421 552 482; x_wconf 92' lang='lat' dir='ltr'>montis</span> <span class='ocrx_word' id='word_1_9' title='bbox 574 431 604 481; x_wconf 87' lang='lat' dir='ltr'>et</span> <span class='ocrx_word' id='word_1_10' title='bbox 626 421 656 481; x_wconf 93' lang='lat' dir='ltr'>in</span> <span class='ocrx_word' id='word_1_11' title='bbox 680 439 778 482; x_wconf 90' lang='lat' dir='ltr'>arcem</span> <span class='ocrx_word' id='word_1_12' title='bbox 801 441 836 481; x_wconf 83' lang='lat' dir='ltr'>er</span> <span class='ocrx_word' id='word_1_13' title='bbox 859 423 936 483; x_wconf 90' lang='lat' dir='ltr'>urbe</span> <span class='ocrx_word' id='word_1_14' title='bbox 960 423 1083 498; x_wconf 89' lang='lat' dir='ltr'>removi,</span> 
     </span>
     <span class='ocr_line' id='line_1_3' title="bbox 145 505 962 585; baseline 0.004 -20"><span class='ocrx_word' id='word_1_15' title='bbox 145 505 223 578; x_wconf 84' lang='lat' dir='ltr'>Quid</span> <span class='ocrx_word' id='word_1_16' title='bbox 244 505 327 585; x_wconf 90' lang='lat' dir='ltr'>prius</span> <span class='ocrx_word' id='word_1_17' title='bbox 349 505 505 565; x_wconf 80' lang='lat' dir='ltr'><strong>inlustrem</strong></span> <span class='ocrx_word' id='word_1_18' title='bbox 528 506 623 567; x_wconf 92' lang='lat' dir='ltr'>satiris</span> <span class='ocrx_word' id='word_1_19' title='bbox 645 507 786 585; x_wconf 79' lang='lat' dir='ltr'><strong>Musaque</strong></span> <span class='ocrx_word' id='word_1_20' title='bbox 809 505 962 585; x_wconf 77' lang='lat' dir='ltr'>pedestri?</span> 
     </span>
     <span class='ocr_line' id='line_1_4' title="bbox 144 590 1027 669; baseline 0.005 -18"><span class='ocrx_word' id='word_1_21' title='bbox 144 591 204 653; x_wconf 88' lang='lat' dir='ltr'>Nec</span> <span class='ocrx_word' id='word_1_22' title='bbox 228 590 301 650; x_wconf 89' lang='lat' dir='ltr'>mala</span> <span class='ocrx_word' id='word_1_23' title='bbox 324 609 371 650; x_wconf 92' lang='lat' dir='ltr'>me</span> <span class='ocrx_word' id='word_1_24' title='bbox 395 590 513 650; x_wconf 87' lang='lat' dir='ltr'>ambitio</span> <span class='ocrx_word' id='word_1_25' title='bbox 538 591 634 669; x_wconf 92' lang='lat' dir='ltr'>perdit</span> <span class='ocrx_word' id='word_1_26' title='bbox 657 610 713 651; x_wconf 92' lang='lat' dir='ltr'>nec</span> <span class='ocrx_word' id='word_1_27' title='bbox 735 591 893 669; x_wconf 88' lang='lat' dir='ltr'>plumbeus</span> <span class='ocrx_word' id='word_1_28' title='bbox 916 596 1027 655; x_wconf 77' lang='lat' dir='ltr'>Auster</span> 
     </span>
     <span class='ocr_line' id='line_1_5' title="bbox 144 676 1055 755; baseline 0.005 -20"><span class='ocrx_word' id='word_1_29' title='bbox 144 679 372 752; x_wconf 77' lang='lat' dir='ltr'><strong>Autumnusque</strong></span> <span class='ocrx_word' id='word_1_30' title='bbox 394 676 497 753; x_wconf 81' lang='lat' dir='ltr'>gravis,</span> <span class='ocrx_word' id='word_1_31' title='bbox 521 676 667 737; x_wconf 77' lang='lat' dir='ltr'>Libitinae</span> <span class='ocrx_word' id='word_1_32' title='bbox 690 685 829 755; x_wconf 78' lang='lat' dir='ltr'>quaestus</span> <span class='ocrx_word' id='word_1_33' title='bbox 851 677 989 740; x_wconf 79' lang='lat' dir='ltr'>acerbae.</span> <span class='ocrx_word' id='word_1_34' title='bbox 1014 715 1055 726; x_wconf 95' lang='lat'><em>-</em></span> 
     </span>
     <span class='ocr_line' id='line_1_6' title="bbox 143 761 848 840; baseline 0.003 -19"><span class='ocrx_word' id='word_1_35' title='bbox 143 761 286 824; x_wconf 85' lang='lat' dir='ltr'>Matutine</span> <span class='ocrx_word' id='word_1_36' title='bbox 308 768 401 840; x_wconf 83' lang='lat' dir='ltr'>pater,</span> <span class='ocrx_word' id='word_1_37' title='bbox 425 780 478 821; x_wconf 89' lang='lat' dir='ltr'>seu</span> <span class='ocrx_word' id='word_1_38' title='bbox 500 761 571 821; x_wconf 92' lang='lat' dir='ltr'>lane</span> <span class='ocrx_word' id='word_1_39' title='bbox 593 761 733 822; x_wconf 88' lang='lat' dir='ltr'>libentius</span> <span class='ocrx_word' id='word_1_40' title='bbox 755 762 848 835; x_wconf 89' lang='lat' dir='ltr'>audis,</span> 
     </span>
     <span class='ocr_line' id='line_1_7' title="bbox 145 846 1006 925; baseline 0 -17"><span class='ocrx_word' id='word_1_41' title='bbox 145 846 228 908; x_wconf 90' lang='lat' dir='ltr'>Unde</span> <span class='ocrx_word' id='word_1_42' title='bbox 251 847 388 906; x_wconf 89' lang='lat' dir='ltr'>homines</span> <span class='ocrx_word' id='word_1_43' title='bbox 411 864 535 924; x_wconf 88' lang='lat' dir='ltr'>operum</span> <span class='ocrx_word' id='word_1_44' title='bbox 559 847 670 924; x_wconf 91' lang='lat' dir='ltr'>primos</span> <span class='ocrx_word' id='word_1_45' title='bbox 692 847 826 925; x_wconf 84' lang='lat' dir='ltr'>vitaeque</span> <span class='ocrx_word' id='word_1_46' title='bbox 848 847 969 909; x_wconf 91' lang='lat' dir='ltr'>labores</span> <span class='ocrx_word' id='word_1_47' title='bbox 1004 864 1006 866; x_wconf 83' lang='grc'><strong><em>·</em></strong></span> 
     </span>
     <span class='ocr_line' id='line_1_8' title="bbox 143 930 988 1011; baseline 0.002 -19"><span class='ocrx_word' id='word_1_48' title='bbox 143 933 307 994; x_wconf 89' lang='lat' dir='ltr'>Instituuut</span> <span class='ocrx_word' id='word_1_49' title='bbox 329 966 342 976; x_wconf 96' lang='lat'>-</span> <span class='ocrx_word' id='word_1_50' title='bbox 365 931 407 991; x_wconf 88' lang='lat' dir='ltr'>sic</span> <span class='ocrx_word' id='word_1_51' title='bbox 430 930 474 991; x_wconf 93' lang='lat' dir='ltr'>dis</span> <span class='ocrx_word' id='word_1_52' title='bbox 496 932 636 1011; x_wconf 88' lang='lat' dir='ltr'>placitum</span> <span class='ocrx_word' id='word_1_53' title='bbox 658 965 682 1004; x_wconf 86' lang='lat'>-‚</span> <span class='ocrx_word' id='word_1_54' title='bbox 705 942 737 992; x_wconf 87' lang='lat' dir='ltr'>tu</span> <span class='ocrx_word' id='word_1_55' title='bbox 760 932 899 994; x_wconf 81' lang='lat' dir='ltr'>carminis</span> <span class='ocrx_word' id='word_1_56' title='bbox 923 944 988 994; x_wconf 89' lang='lat' dir='ltr'>esto</span> 
     </span>
     <span class='ocr_line' id='line_1_9' title="bbox 145 1012 993 1096; baseline 0 -18"><span class='ocrx_word' id='word_1_57' title='bbox 145 1018 337 1096; x_wconf 89' lang='lat' dir='ltr'>Principium.</span> <span class='ocrx_word' id='word_1_58' title='bbox 382 1016 493 1076; x_wconf 81' lang='lat' dir='ltr'>Romae</span> <span class='ocrx_word' id='word_1_59' title='bbox 515 1034 690 1096; x_wconf 87' lang='lat' dir='ltr'>sponsorem</span> <span class='ocrx_word' id='word_1_60' title='bbox 713 1035 760 1076; x_wconf 91' lang='lat' dir='ltr'>me</span> <span class='ocrx_word' id='word_1_61' title='bbox 783 1018 871 1096; x_wconf 87' lang='lat' dir='ltr'>rapis.</span> <span class='ocrx_word' id='word_1_62' title='bbox 914 1012 993 1093; x_wconf 68' lang='lat' dir='ltr'>‘Eia</span> 
     </span>
     <span class='ocr_line' id='line_1_10' title="bbox 143 1096 914 1183; baseline -0.001 -20"><span class='ocrx_word' id='word_1_63' title='bbox 143 1103 185 1163; x_wconf 89' lang='lat' dir='ltr'>Ne</span> <span class='ocrx_word' id='word_1_64' title='bbox 208 1103 291 1183; x_wconf 95' lang='lat' dir='ltr'>prior</span> <span class='ocrx_word' id='word_1_65' title='bbox 313 1101 411 1162; x_wconf 86' lang='lat' dir='ltr'>officio</span> <span class='ocrx_word' id='word_1_66' title='bbox 434 1102 589 1180; x_wconf 87' lang='lat' dir='ltr'>quisquam</span> <span class='ocrx_word' id='word_1_67' title='bbox 611 1102 798 1181; x_wconf 78' lang='lat' dir='ltr'>respondeat,</span> <span class='ocrx_word' id='word_1_68' title='bbox 820 1096 914 1181; x_wconf 69' lang='lat' dir='ltr'>urge.²</span> 
     </span>
     <span class='ocr_line' id='line_1_11' title="bbox 143 1186 899 1264; baseline -0.003 -16"><span class='ocrx_word' id='word_1_69' title='bbox 143 1188 209 1249; x_wconf 88' lang='lat' dir='ltr'>Sive</span> <span class='ocrx_word' id='word_1_70' title='bbox 233 1187 337 1264; x_wconf 79' lang='lat' dir='ltr'>Aquilo</span> <span class='ocrx_word' id='word_1_71' title='bbox 361 1186 435 1247; x_wconf 93' lang='lat' dir='ltr'>radit</span> <span class='ocrx_word' id='word_1_72' title='bbox 456 1196 551 1247; x_wconf 90' lang='lat' dir='ltr'>terras</span> <span class='ocrx_word' id='word_1_73' title='bbox 573 1206 625 1248; x_wconf 89' lang='lat' dir='ltr'>seu</span> <span class='ocrx_word' id='word_1_74' title='bbox 648 1187 752 1247; x_wconf 94' lang='lat' dir='ltr'>bruma</span> <span class='ocrx_word' id='word_1_75' title='bbox 776 1187 899 1248; x_wconf 90' lang='lat' dir='ltr'>nivalem</span> 
     </span>
     <span class='ocr_line' id='line_1_12' title="bbox 142 1271 891 1350; baseline 0 -17"><span class='ocrx_word' id='word_1_76' title='bbox 142 1273 286 1333; x_wconf 84' lang='lat' dir='ltr'>Interiora</span> <span class='ocrx_word' id='word_1_77' title='bbox 310 1271 387 1332; x_wconf 93' lang='lat' dir='ltr'>diem</span> <span class='ocrx_word' id='word_1_78' title='bbox 410 1289 482 1350; x_wconf 83' lang='lat' dir='ltr'>gyro</span> <span class='ocrx_word' id='word_1_79' title='bbox 505 1273 603 1345; x_wconf 83' lang='lat' dir='ltr'>trahit,</span> <span class='ocrx_word' id='word_1_80' title='bbox 627 1272 669 1332; x_wconf 92' lang='lat' dir='ltr'>ire</span> <span class='ocrx_word' id='word_1_81' title='bbox 694 1290 814 1332; x_wconf 90' lang='lat' dir='ltr'>necesse</span> <span class='ocrx_word' id='word_1_82' title='bbox 837 1281 891 1333; x_wconf 89' lang='lat' dir='ltr'>est.</span> 
     </span>
     <span class='ocr_line' id='line_1_13' title="bbox 140 1356 989 1435; baseline -0.001 -16"><span class='ocrx_word' id='word_1_83' title='bbox 140 1357 301 1419; x_wconf 88' lang='lat' dir='ltr'>Postmodo</span> <span class='ocrx_word' id='word_1_84' title='bbox 325 1357 404 1435; x_wconf 93' lang='lat' dir='ltr'>quod</span> <span class='ocrx_word' id='word_1_85' title='bbox 428 1357 467 1416; x_wconf 94' lang='lat' dir='ltr'>mi</span> <span class='ocrx_word' id='word_1_86' title='bbox 490 1356 567 1418; x_wconf 90' lang='lat' dir='ltr'>obsit</span> <span class='ocrx_word' id='word_1_87' title='bbox 590 1357 667 1417; x_wconf 90' lang='lat' dir='ltr'>clare</span> <span class='ocrx_word' id='word_1_88' title='bbox 689 1366 865 1435; x_wconf 91' lang='lat' dir='ltr'>certumque</span> <span class='ocrx_word' id='word_1_89' title='bbox 888 1357 989 1419; x_wconf 87' lang='lat' dir='ltr'>locuto</span> 
     </span>
     <span class='ocr_line' id='line_1_14' title="bbox 144 1441 955 1504; baseline -0.001 0"><span class='ocrx_word' id='word_1_90' title='bbox 144 1442 329 1504; x_wconf 90' lang='lat' dir='ltr'>Luctandum</span> <span class='ocrx_word' id='word_1_91' title='bbox 353 1442 382 1501; x_wconf 94' lang='lat' dir='ltr'>in</span> <span class='ocrx_word' id='word_1_92' title='bbox 406 1441 494 1501; x_wconf 88' lang='lat' dir='ltr'>turba</span> <span class='ocrx_word' id='word_1_93' title='bbox 517 1452 546 1502; x_wconf 90' lang='lat' dir='ltr'>et</span> <span class='ocrx_word' id='word_1_94' title='bbox 568 1442 701 1502; x_wconf 82' lang='lat' dir='ltr'>facienda</span> <span class='ocrx_word' id='word_1_95' title='bbox 723 1442 832 1502; x_wconf 90' lang='lat' dir='ltr'>iniuria</span> <span class='ocrx_word' id='word_1_96' title='bbox 855 1443 955 1503; x_wconf 86' lang='lat' dir='ltr'>tardis.</span> 
     </span>
     <span class='ocr_line' id='line_1_15' title="bbox 139 1516 1114 1608; baseline 0.002 -20"><span class='ocrx_word' id='word_1_97' title='bbox 139 1522 232 1600; x_wconf 87' lang='lat' dir='ltr'>‘Quid</span> <span class='ocrx_word' id='word_1_98' title='bbox 253 1527 305 1600; x_wconf 85' lang='lat' dir='ltr'>vis,</span> <span class='ocrx_word' id='word_1_99' title='bbox 329 1528 442 1597; x_wconf 85' lang='lat' dir='ltr'>insane,</span> <span class='ocrx_word' id='word_1_100' title='bbox 466 1535 495 1587; x_wconf 92' lang='lat' dir='ltr'>et</span> <span class='ocrx_word' id='word_1_101' title='bbox 518 1546 592 1605; x_wconf 92' lang='lat' dir='ltr'>quas</span> <span class='ocrx_word' id='word_1_102' title='bbox 613 1545 661 1587; x_wconf 91' lang='lat' dir='ltr'>res</span> <span class='ocrx_word' id='word_1_103' title='bbox 684 1522 785 1605; x_wconf 77' lang='lat' dir='ltr'>agisi’</span> <span class='ocrx_word' id='word_1_104' title='bbox 810 1527 965 1606; x_wconf 90' lang='lat' dir='ltr'>improbus</span> <span class='ocrx_word' id='word_1_105' title='bbox 990 1539 1077 1608; x_wconf 83' lang='lat' dir='ltr'>urget</span> <span class='ocrx_word' id='word_1_106' title='bbox 1105 1516 1114 1521; x_wconf 42' lang='lat'>⁸</span> 
     </span>
     <span class='ocr_line' id='line_1_16' title="bbox 143 1604 937 1692; baseline 0.001 -20"><span class='ocrx_word' id='word_1_107' title='bbox 143 1613 228 1674; x_wconf 90' lang='lat' dir='ltr'>lratis</span> <span class='ocrx_word' id='word_1_108' title='bbox 249 1612 406 1692; x_wconf 82' lang='lat' dir='ltr'>precibus3</span> <span class='ocrx_word' id='word_1_109' title='bbox 426 1604 472 1671; x_wconf 81' lang='lat' dir='ltr'>‘tu</span> <span class='ocrx_word' id='word_1_110' title='bbox 494 1612 594 1690; x_wconf 90' lang='lat' dir='ltr'>pulses</span> <span class='ocrx_word' id='word_1_111' title='bbox 616 1630 705 1673; x_wconf 91' lang='lat' dir='ltr'>omne</span> <span class='ocrx_word' id='word_1_112' title='bbox 729 1613 808 1691; x_wconf 95' lang='lat' dir='ltr'>quod</span> <span class='ocrx_word' id='word_1_113' title='bbox 832 1611 937 1685; x_wconf 86' lang='lat' dir='ltr'>obstat,</span> 
     </span>
     <span class='ocr_line' id='line_1_17' title="bbox 144 1692 902 1759; baseline -0.001 0"><span class='ocrx_word' id='word_1_114' title='bbox 144 1699 185 1759; x_wconf 76' lang='lat' dir='ltr'>dd</span> <span class='ocrx_word' id='word_1_115' title='bbox 208 1698 408 1759; x_wconf 82' lang='lat' dir='ltr'>Maecenatem</span> <span class='ocrx_word' id='word_1_116' title='bbox 430 1697 555 1756; x_wconf 89' lang='lat' dir='ltr'>memori</span> <span class='ocrx_word' id='word_1_117' title='bbox 578 1697 603 1756; x_wconf 93' lang='lat' dir='ltr'>si</span> <span class='ocrx_word' id='word_1_118' title='bbox 625 1706 724 1757; x_wconf 91' lang='lat' dir='ltr'>mente</span> <span class='ocrx_word' id='word_1_119' title='bbox 747 1692 902 1759; x_wconf 73' lang='lat' dir='ltr'>recurras.³</span> 
     </span>
     <span class='ocr_line' id='line_1_18' title="bbox 143 1782 1075 1855; baseline 0.001 -12"><span class='ocrx_word' id='word_1_120' title='bbox 143 1784 206 1843; x_wconf 87' lang='lat' dir='ltr'>Hoc</span> <span class='ocrx_word' id='word_1_121' title='bbox 228 1784 307 1842; x_wconf 89' lang='lat' dir='ltr'>iuvat</span> <span class='ocrx_word' id='word_1_122' title='bbox 329 1792 358 1843; x_wconf 90' lang='lat' dir='ltr'>et</span> <span class='ocrx_word' id='word_1_123' title='bbox 380 1782 460 1842; x_wconf 89' lang='lat' dir='ltr'>melli</span> <span class='ocrx_word' id='word_1_124' title='bbox 482 1792 536 1855; x_wconf 86' lang='lat' dir='ltr'>est,</span> <span class='ocrx_word' id='word_1_125' title='bbox 560 1801 621 1842; x_wconf 91' lang='lat' dir='ltr'>non</span> <span class='ocrx_word' id='word_1_126' title='bbox 644 1783 780 1842; x_wconf 87' lang='lat' dir='ltr'>mentiar.</span> <span class='ocrx_word' id='word_1_127' title='bbox 825 1784 862 1840; x_wconf 78' lang='lat' dir='ltr'>m</span> <span class='ocrx_word' id='word_1_128' title='bbox 883 1782 972 1844; x_wconf 91' lang='lat' dir='ltr'>simul</span> <span class='ocrx_word' id='word_1_129' title='bbox 994 1792 1075 1844; x_wconf 88' lang='lat' dir='ltr'>atras</span> 
     </span>
     <span class='ocr_line' id='line_1_19' title="bbox 143 1867 918 1946; baseline 0 -19"><span class='ocrx_word' id='word_1_130' title='bbox 143 1868 270 1928; x_wconf 88' lang='lat' dir='ltr'>Ventum</span> <span class='ocrx_word' id='word_1_131' title='bbox 293 1877 338 1928; x_wconf 93' lang='lat' dir='ltr'>est</span> <span class='ocrx_word' id='word_1_132' title='bbox 360 1867 516 1946; x_wconf 85' lang='lat' dir='ltr'>Esquilias,</span> <span class='ocrx_word' id='word_1_133' title='bbox 539 1867 632 1927; x_wconf 90' lang='lat' dir='ltr'>aliena</span> <span class='ocrx_word' id='word_1_134' title='bbox 657 1868 774 1945; x_wconf 78' lang='lat' dir='ltr'>negotia</span> <span class='ocrx_word' id='word_1_135' title='bbox 797 1876 918 1928; x_wconf 90' lang='lat' dir='ltr'>centum</span> 
     </span>
     <span class='ocr_line' id='line_1_20' title="bbox 142 1945 1000 2033; baseline 0 -21"><span class='ocrx_word' id='word_1_136' title='bbox 142 1952 199 2013; x_wconf 90' lang='lat' dir='ltr'>Per</span> <span class='ocrx_word' id='word_1_137' title='bbox 222 1962 311 2033; x_wconf 91' lang='lat' dir='ltr'>caput</span> <span class='ocrx_word' id='word_1_138' title='bbox 333 1962 362 2013; x_wconf 89' lang='lat' dir='ltr'>et</span> <span class='ocrx_word' id='word_1_139' title='bbox 384 1953 461 2012; x_wconf 88' lang='lat' dir='ltr'>eirca</span> <span class='ocrx_word' id='word_1_140' title='bbox 484 1953 593 2013; x_wconf 89' lang='lat' dir='ltr'>saliunt</span> <span class='ocrx_word' id='word_1_141' title='bbox 614 1952 704 2012; x_wconf 87' lang='lat' dir='ltr'>latus:</span> <span class='ocrx_word' id='word_1_142' title='bbox 725 1945 815 2011; x_wconf 82' lang='lat' dir='ltr'>‘Ante</span> <span class='ocrx_word' id='word_1_143' title='bbox 838 1951 1000 2013; x_wconf 89' lang='lat' dir='ltr'>secundam</span> 
     </span>
     <span class='ocr_line' id='line_1_21' title="bbox 141 2030 908 2109; baseline -0.001 -11"><span class='ocrx_word' id='word_1_144' title='bbox 141 2037 266 2099; x_wconf 85' lang='lat' dir='ltr'>Roscius</span> <span class='ocrx_word' id='word_1_145' title='bbox 289 2038 390 2098; x_wconf 90' lang='lat' dir='ltr'>orabat</span> <span class='ocrx_word' id='word_1_146' title='bbox 412 2036 468 2098; x_wconf 92' lang='lat' dir='ltr'>sibi</span> <span class='ocrx_word' id='word_1_147' title='bbox 491 2038 607 2097; x_wconf 85' lang='lat' dir='ltr'>adesses</span> <span class='ocrx_word' id='word_1_148' title='bbox 629 2038 663 2097; x_wconf 88' lang='lat' dir='ltr'>ad</span> <span class='ocrx_word' id='word_1_149' title='bbox 688 2036 789 2097; x_wconf 91' lang='lat' dir='ltr'>Puteal</span> <span class='ocrx_word' id='word_1_150' title='bbox 811 2030 908 2109; x_wconf 80' lang='lat' dir='ltr'>oras3&#39;</span> 
     </span>
     <span class='ocr_line' id='line_1_22' title="bbox 139 2115 948 2200; baseline 0 -18"><span class='ocrx_word' id='word_1_151' title='bbox 139 2115 196 2182; x_wconf 73' lang='lat' dir='ltr'>‘lie</span> <span class='ocrx_word' id='word_1_152' title='bbox 218 2142 250 2182; x_wconf 91' lang='lat' dir='ltr'>re</span> <span class='ocrx_word' id='word_1_153' title='bbox 273 2123 424 2183; x_wconf 90' lang='lat' dir='ltr'>communi</span> <span class='ocrx_word' id='word_1_154' title='bbox 447 2122 559 2182; x_wconf 89' lang='lat' dir='ltr'>scribae</span> <span class='ocrx_word' id='word_1_155' title='bbox 582 2140 687 2200; x_wconf 84' lang='lat' dir='ltr'>magna</span> <span class='ocrx_word' id='word_1_156' title='bbox 710 2131 798 2200; x_wconf 89' lang='lat' dir='ltr'>atque</span> <span class='ocrx_word' id='word_1_157' title='bbox 823 2132 948 2182; x_wconf 89' lang='lat' dir='ltr'>novate</span> 
     </span>
     <span class='ocr_line' id='line_1_23' title="bbox 142 2197 902 2281; baseline 0 -15"><span class='ocrx_word' id='word_1_158' title='bbox 142 2207 275 2267; x_wconf 88' lang='lat' dir='ltr'>Orabant</span> <span class='ocrx_word' id='word_1_159' title='bbox 296 2208 383 2267; x_wconf 89' lang='lat' dir='ltr'>hodie</span> <span class='ocrx_word' id='word_1_160' title='bbox 407 2206 599 2279; x_wconf 86' lang='lat' dir='ltr'>meminisses,</span> <span class='ocrx_word' id='word_1_161' title='bbox 623 2207 742 2278; x_wconf 85' lang='lat' dir='ltr'>Quinte,</span> <span class='ocrx_word' id='word_1_162' title='bbox 765 2197 902 2281; x_wconf 81' lang='lat' dir='ltr'>reverti3&#39;</span> 
     </span>
     <span class='ocr_line' id='line_1_24' title="bbox 137 2288 897 2371; baseline 0.001 -20"><span class='ocrx_word' id='word_1_163' title='bbox 137 2288 303 2371; x_wconf 83' lang='lat' dir='ltr'>‘imprimat</span> <span class='ocrx_word' id='word_1_164' title='bbox 324 2292 370 2352; x_wconf 91' lang='lat' dir='ltr'>his</span> <span class='ocrx_word' id='word_1_165' title='bbox 392 2309 461 2352; x_wconf 88' lang='lat' dir='ltr'>cura</span> <span class='ocrx_word' id='word_1_166' title='bbox 484 2290 636 2352; x_wconf 89' lang='lat' dir='ltr'>Maecenas</span> <span class='ocrx_word' id='word_1_167' title='bbox 658 2293 741 2370; x_wconf 83' lang='lat' dir='ltr'>signa</span> <span class='ocrx_word' id='word_1_168' title='bbox 764 2289 897 2353; x_wconf 67' lang='lat' dir='ltr'>tabellis.1</span> 
     </span>
     <span class='ocr_line' id='line_1_25' title="bbox 141 2368 1047 2456; baseline -0.001 -19"><span class='ocrx_word' id='word_1_169' title='bbox 141 2378 265 2448; x_wconf 82' lang='lat' dir='ltr'>Dixeris,</span> <span class='ocrx_word' id='word_1_170' title='bbox 284 2370 452 2456; x_wconf 80' lang='lat' dir='ltr'>‘experiar&#39;‚</span> <span class='ocrx_word' id='word_1_171' title='bbox 474 2368 511 2436; x_wconf 91' lang='lat' dir='ltr'>‘si</span> <span class='ocrx_word' id='word_1_172' title='bbox 532 2377 584 2449; x_wconf 74' lang='lat' dir='ltr'>vis,</span> <span class='ocrx_word' id='word_1_173' title='bbox 608 2373 702 2455; x_wconf 86' lang='lat' dir='ltr'>potes’</span> <span class='ocrx_word' id='word_1_174' title='bbox 727 2377 806 2438; x_wconf 91' lang='lat' dir='ltr'>addit</span> <span class='ocrx_word' id='word_1_175' title='bbox 828 2386 857 2436; x_wconf 89' lang='lat' dir='ltr'>et</span> <span class='ocrx_word' id='word_1_176' title='bbox 880 2377 981 2438; x_wconf 89' lang='lat' dir='ltr'>instat.</span> <span class='ocrx_word' id='word_1_177' title='bbox 1006 2411 1047 2422; x_wconf 94' lang='lat'><em>-</em></span> 
     </span>
     <span class='ocr_line' id='line_1_26' title="bbox 141 2462 899 2542; baseline -0.004 -18"><span class='ocrx_word' id='word_1_178' title='bbox 141 2463 291 2542; x_wconf 82' lang='lat' dir='ltr'>Septimus</span> <span class='ocrx_word' id='word_1_179' title='bbox 314 2470 415 2522; x_wconf 88' lang='lat' dir='ltr'>octavo</span> <span class='ocrx_word' id='word_1_180' title='bbox 438 2462 561 2541; x_wconf 93' lang='lat' dir='ltr'>propior</span> <span class='ocrx_word' id='word_1_181' title='bbox 583 2462 641 2523; x_wconf 93' lang='lat' dir='ltr'>iam</span> <span class='ocrx_word' id='word_1_182' title='bbox 662 2462 772 2540; x_wconf 83' lang='lat' dir='ltr'>sugerit</span> <span class='ocrx_word' id='word_1_183' title='bbox 793 2480 899 2534; x_wconf 84' lang='lat' dir='ltr'>annus,</span> 
     </span>
     <span class='ocr_line' id='line_1_27' title="bbox 140 2547 912 2627; baseline -0.004 -18"><span class='ocrx_word' id='word_1_184' title='bbox 140 2548 185 2609; x_wconf 82' lang='lat' dir='ltr'>Ex</span> <span class='ocrx_word' id='word_1_185' title='bbox 208 2567 267 2627; x_wconf 93' lang='lat' dir='ltr'>quo</span> <span class='ocrx_word' id='word_1_186' title='bbox 290 2548 445 2608; x_wconf 87' lang='lat' dir='ltr'>Maecenas</span> <span class='ocrx_word' id='word_1_187' title='bbox 467 2566 514 2607; x_wconf 89' lang='lat' dir='ltr'>me</span> <span class='ocrx_word' id='word_1_188' title='bbox 537 2548 636 2626; x_wconf 91' lang='lat' dir='ltr'>coepit</span> <span class='ocrx_word' id='word_1_189' title='bbox 657 2547 767 2607; x_wconf 88' lang='lat' dir='ltr'>habere</span> <span class='ocrx_word' id='word_1_190' title='bbox 789 2564 912 2607; x_wconf 90' lang='lat' dir='ltr'>suorum</span> 
     </span>
     <span class='ocr_line' id='line_1_28' title="bbox 139 2631 998 2710; baseline -0.003 -15"><span class='ocrx_word' id='word_1_191' title='bbox 139 2635 173 2695; x_wconf 93' lang='lat' dir='ltr'>ln</span> <span class='ocrx_word' id='word_1_192' title='bbox 199 2653 334 2706; x_wconf 84' lang='lat' dir='ltr'>numero,</span> <span class='ocrx_word' id='word_1_193' title='bbox 356 2635 506 2694; x_wconf 82' lang='lat' dir='ltr'>dumtaxat</span> <span class='ocrx_word' id='word_1_194' title='bbox 527 2634 563 2693; x_wconf 90' lang='lat' dir='ltr'>ad</span> <span class='ocrx_word' id='word_1_195' title='bbox 586 2633 651 2705; x_wconf 83' lang='lat' dir='ltr'>hoc,</span> <span class='ocrx_word' id='word_1_196' title='bbox 675 2650 763 2710; x_wconf 92' lang='lat' dir='ltr'>quem</span> <span class='ocrx_word' id='word_1_197' title='bbox 786 2631 889 2692; x_wconf 90' lang='lat' dir='ltr'>tollere</span> <span class='ocrx_word' id='word_1_198' title='bbox 912 2633 998 2694; x_wconf 88' lang='lat' dir='ltr'>raeda</span> 
     </span>
     <span class='ocr_line' id='line_1_29' title="bbox 140 2717 888 2795; baseline -0.003 -17"><span class='ocrx_word' id='word_1_199' title='bbox 140 2720 234 2781; x_wconf 91' lang='lat' dir='ltr'>Vellet</span> <span class='ocrx_word' id='word_1_200' title='bbox 255 2720 311 2780; x_wconf 92' lang='lat' dir='ltr'>iter</span> <span class='ocrx_word' id='word_1_201' title='bbox 333 2720 444 2780; x_wconf 85' lang='lat' dir='ltr'>faciens</span> <span class='ocrx_word' id='word_1_202' title='bbox 466 2727 496 2778; x_wconf 86' lang='lat' dir='ltr'>et</span> <span class='ocrx_word' id='word_1_203' title='bbox 519 2718 566 2778; x_wconf 89' lang='lat' dir='ltr'>cui</span> <span class='ocrx_word' id='word_1_204' title='bbox 590 2717 771 2779; x_wconf 89' lang='lat' dir='ltr'>concredere</span> <span class='ocrx_word' id='word_1_205' title='bbox 794 2735 888 2795; x_wconf 86' lang='lat' dir='ltr'>nugas</span> 
     </span>
     <span class='ocr_line' id='line_1_30' title="bbox 141 2795 1119 2931; baseline -0.007 -65"><span class='ocrx_word' id='word_1_206' title='bbox 141 2806 205 2866; x_wconf 88' lang='lat' dir='ltr'>Hoc</span> <span class='ocrx_word' id='word_1_207' title='bbox 228 2824 337 2884; x_wconf 87' lang='lat' dir='ltr'>genus:</span> <span class='ocrx_word' id='word_1_208' title='bbox 358 2799 451 2864; x_wconf 86' lang='lat' dir='ltr'>‘Hora</span> <span class='ocrx_word' id='word_1_209' title='bbox 475 2813 563 2881; x_wconf 87' lang='lat' dir='ltr'>quota</span> <span class='ocrx_word' id='word_1_210' title='bbox 587 2797 679 2876; x_wconf 76' lang='lat' dir='ltr'>esti&#39;,</span> <span class='ocrx_word' id='word_1_211' title='bbox 699 2795 828 2862; x_wconf 81' lang='lat' dir='ltr'>‘Thraex</span> <span class='ocrx_word' id='word_1_212' title='bbox 855 2811 910 2931; x_wconf 40' lang='lat' dir='ltr'>esqt³</span> <span class='ocrx_word' id='word_1_213' title='bbox 922 2801 1034 2863; x_wconf 89' lang='lat' dir='ltr'>Gallina</span> <span class='ocrx_word' id='word_1_214' title='bbox 1053 2799 1119 2878; x_wconf 71' lang='lat' dir='ltr'>Syl</span> 
     </span>
     <span class='ocr_line' id='line_1_31' title="bbox 841 2905 891 2948; baseline 0.04 -2"><span class='ocrx_word' id='word_1_215' title='bbox 841 2905 891 2948; x_wconf 90' lang='lat' dir='ltr'>ar.</span> 
     </span>
    </p>

    <p class='ocr_par' dir='ltr' id='par_1_3' title="bbox 51 2906 1091 3649">
     <span class='ocr_line' id='line_1_32' title="bbox 51 2906 939 3053; baseline -0.005 -17"><span class='ocrx_word' id='word_1_216' title='bbox 51 2986 80 3036; x_wconf 76' lang='lat'>45</span> <span class='ocrx_word' id='word_1_217' title='bbox 137 2969 293 3037; x_wconf 81' lang='lat' dir='ltr'>‘Matutine</span> <span class='ocrx_word' id='word_1_218' title='bbox 316 2993 422 3053; x_wconf 92' lang='lat' dir='ltr'>parum</span> <span class='ocrx_word' id='word_1_219' title='bbox 446 2982 547 3034; x_wconf 88' lang='lat' dir='ltr'>cautos</span> <span class='ocrx_word' id='word_1_220' title='bbox 569 2973 625 3032; x_wconf 89' lang='lat' dir='ltr'>iam</span> <span class='ocrx_word' id='word_1_221' title='bbox 649 2972 759 3051; x_wconf 86' lang='lat' dir='ltr'>frigora</span> <span class='ocrx_word' id='word_1_222' title='bbox 781 2906 939 3046; x_wconf 43' lang='lat' dir='ltr'>miirdentz&#39;</span> 
     </span>
     <span class='ocr_line' id='line_1_33' title="bbox 141 3058 876 3140; baseline -0.007 -19"><span class='ocrx_word' id='word_1_223' title='bbox 141 3060 179 3121; x_wconf 85' lang='lat' dir='ltr'>Et</span> <span class='ocrx_word' id='word_1_224' title='bbox 201 3080 276 3140; x_wconf 88' lang='lat' dir='ltr'>quae</span> <span class='ocrx_word' id='word_1_225' title='bbox 298 3061 406 3121; x_wconf 89' lang='lat' dir='ltr'>rimosa</span> <span class='ocrx_word' id='word_1_226' title='bbox 427 3060 504 3120; x_wconf 89' lang='lat' dir='ltr'>bene</span> <span class='ocrx_word' id='word_1_227' title='bbox 527 3059 719 3138; x_wconf 88' lang='lat' dir='ltr'>deponuntur</span> <span class='ocrx_word' id='word_1_228' title='bbox 741 3058 772 3117; x_wconf 93' lang='lat' dir='ltr'>in</span> <span class='ocrx_word' id='word_1_229' title='bbox 796 3076 876 3118; x_wconf 94' lang='lat' dir='ltr'>aure.</span> 
     </span>
     <span class='ocr_line' id='line_1_34' title="bbox 128 3143 1043 3223; baseline -0.005 -17"><span class='ocrx_word' id='word_1_230' title='bbox 128 3146 197 3206; x_wconf 81' lang='lat' dir='ltr'>&#39;Per</span> <span class='ocrx_word' id='word_1_231' title='bbox 219 3156 315 3207; x_wconf 90' lang='lat' dir='ltr'>totum</span> <span class='ocrx_word' id='word_1_232' title='bbox 336 3147 393 3206; x_wconf 89' lang='lat' dir='ltr'>hoo</span> <span class='ocrx_word' id='word_1_233' title='bbox 416 3155 533 3223; x_wconf 91' lang='lat' dir='ltr'>tempus</span> <span class='ocrx_word' id='word_1_234' title='bbox 555 3143 716 3205; x_wconf 88' lang='lat' dir='ltr'>subiectior</span> <span class='ocrx_word' id='word_1_235' title='bbox 738 3143 769 3202; x_wconf 93' lang='lat' dir='ltr'>in</span> <span class='ocrx_word' id='word_1_236' title='bbox 793 3143 870 3203; x_wconf 91' lang='lat' dir='ltr'>diem</span> <span class='ocrx_word' id='word_1_237' title='bbox 892 3154 922 3202; x_wconf 88' lang='lat' dir='ltr'>et</span> <span class='ocrx_word' id='word_1_238' title='bbox 943 3143 1043 3202; x_wconf 91' lang='lat' dir='ltr'>horam</span> 
     </span>
     <span class='ocr_line' id='line_1_35' title="bbox 142 3230 850 3308; baseline -0.004 -17"><span class='ocrx_word' id='word_1_239' title='bbox 142 3232 271 3292; x_wconf 86' lang='lat' dir='ltr'>invidiae</span> <span class='ocrx_word' id='word_1_240' title='bbox 295 3239 405 3292; x_wconf 88' lang='lat' dir='ltr'>noster.</span> <span class='ocrx_word' id='word_1_241' title='bbox 450 3230 550 3291; x_wconf 84' lang='lat' dir='ltr'>Ludos</span> <span class='ocrx_word' id='word_1_242' title='bbox 572 3236 766 3308; x_wconf 85' lang='lat' dir='ltr'>spectaverat,</span> <span class='ocrx_word' id='word_1_243' title='bbox 788 3246 850 3288; x_wconf 90' lang='lat' dir='ltr'>una</span> 
     </span>
     <span class='ocr_line' id='line_1_36' title="bbox 141 3307 915 3394; baseline -0.006 -16"><span class='ocrx_word' id='word_1_244' title='bbox 141 3315 266 3378; x_wconf 90' lang='lat' dir='ltr'>Luserat</span> <span class='ocrx_word' id='word_1_245' title='bbox 287 3317 317 3376; x_wconf 93' lang='lat' dir='ltr'>in</span> <span class='ocrx_word' id='word_1_246' title='bbox 341 3335 461 3394; x_wconf 89' lang='lat' dir='ltr'>campo:</span> <span class='ocrx_word' id='word_1_247' title='bbox 482 3308 645 3374; x_wconf 90' lang='lat' dir='ltr'>‘Fortunae</span> <span class='ocrx_word' id='word_1_248' title='bbox 668 3307 775 3374; x_wconf 85' lang='lat' dir='ltr'>filiusl&#39;</span> <span class='ocrx_word' id='word_1_249' title='bbox 801 3331 915 3373; x_wconf 76' lang='lat' dir='ltr'>omnes·</span> 
     </span>
     <span class='ocr_line' id='line_1_37' title="bbox 141 3399 937 3481; baseline -0.005 -20"><span class='ocrx_word' id='word_1_250' title='bbox 141 3401 279 3481; x_wconf 85' lang='lat' dir='ltr'>Frigidus</span> <span class='ocrx_word' id='word_1_251' title='bbox 301 3420 316 3462; x_wconf 93' lang='lat' dir='ltr'>a</span> <span class='ocrx_word' id='word_1_252' title='bbox 340 3401 445 3462; x_wconf 91' lang='lat' dir='ltr'>rostris</span> <span class='ocrx_word' id='word_1_253' title='bbox 468 3408 568 3459; x_wconf 89' lang='lat' dir='ltr'>manat</span> <span class='ocrx_word' id='word_1_254' title='bbox 590 3417 644 3477; x_wconf 93' lang='lat' dir='ltr'>per</span> <span class='ocrx_word' id='word_1_255' title='bbox 666 3399 794 3478; x_wconf 87' lang='lat' dir='ltr'>compita</span> <span class='ocrx_word' id='word_1_256' title='bbox 817 3414 937 3469; x_wconf 84' lang='lat' dir='ltr'>rumor3</span> 
     </span>
     <span class='ocr_line' id='line_1_38' title="bbox 133 3478 1091 3565; baseline -0.013 -18"><span class='ocrx_word' id='word_1_257' title='bbox 133 3481 329 3565; x_wconf 62' lang='lat' dir='ltr'>&#39;Quicumque</span> <span class='ocrx_word' id='word_1_258' title='bbox 351 3486 455 3547; x_wconf 82' lang='lat' dir='ltr'>obvius</span> <span class='ocrx_word' id='word_1_259' title='bbox 478 3495 531 3558; x_wconf 82' lang='lat' dir='ltr'>est,</span> <span class='ocrx_word' id='word_1_260' title='bbox 554 3503 601 3544; x_wconf 89' lang='lat' dir='ltr'>me</span> <span class='ocrx_word' id='word_1_261' title='bbox 624 3483 766 3545; x_wconf 88' lang='lat' dir='ltr'>consulit:</span> <span class='ocrx_word' id='word_1_262' title='bbox 789 3478 819 3543; x_wconf 88' lang='lat' dir='ltr'>‘o</span> <span class='ocrx_word' id='word_1_263' title='bbox 843 3483 922 3544; x_wconf 89' lang='lat' dir='ltr'>hone</span> <span class='ocrx_word' id='word_1_264' title='bbox 944 3514 958 3525; x_wconf 93' lang='lat'>-</span> <span class='ocrx_word' id='word_1_265' title='bbox 980 3498 1045 3540; x_wconf 88' lang='lat' dir='ltr'>nam</span> <span class='ocrx_word' id='word_1_266' title='bbox 1066 3487 1091 3536; x_wconf 91' lang='lat' dir='ltr'>te</span> 
     </span>
     <span class='ocr_line' id='line_1_39' title="bbox 142 3569 1006 3649; baseline -0.008 -16"><span class='ocrx_word' id='word_1_267' title='bbox 142 3571 233 3645; x_wconf 87' lang='lat' dir='ltr'>Scire,</span> <span class='ocrx_word' id='word_1_268' title='bbox 256 3572 327 3632; x_wconf 92' lang='lat' dir='ltr'>deos</span> <span class='ocrx_word' id='word_1_269' title='bbox 350 3571 491 3649; x_wconf 88' lang='lat' dir='ltr'>quoniam</span> <span class='ocrx_word' id='word_1_270' title='bbox 514 3570 637 3649; x_wconf 90' lang='lat' dir='ltr'>propius</span> <span class='ocrx_word' id='word_1_271' title='bbox 660 3569 818 3647; x_wconf 85' lang='lat' dir='ltr'>contingis,</span> <span class='ocrx_word' id='word_1_272' title='bbox 842 3574 960 3649; x_wconf 90' lang='lat' dir='ltr'>oportet</span> <span class='ocrx_word' id='word_1_273' title='bbox 981 3599 1006 3637; x_wconf 85' lang='lat'>·,</span> 
     </span>
    </p>
   </div>
   <div class='ocr_carea' id='block_1_3' title="bbox 57 3709 262 3718">
    <p class='ocr_par' dir='ltr' id='par_1_4' title="bbox 57 3709 262 3718">
     <span class='ocr_line' id='line_1_40' title="bbox 57 3709 262 3718; baseline -0.005 -1"><span class='ocrx_word' id='word_1_274' title='bbox 57 3709 262 3718; x_wconf 79' lang='lat'>———</span> 
     </span>
    </p>
   </div>
   <div class='ocr_carea' id='block_1_4' title="bbox 54 3774 1111 4011">
    <p class='ocr_par' dir='ltr' id='par_1_5' title="bbox 54 3774 1111 4011">
     <span class='ocr_line' id='line_1_41' title="bbox 143 3774 1111 3873; baseline -0.011 -14"><span class='ocrx_word' id='word_1_275' title='bbox 143 3806 176 3859; x_wconf 87' lang='lat' dir='ltr'>vr</span> <span class='ocrx_word' id='word_1_276' title='bbox 194 3821 217 3859; x_wconf 75' lang='lat' dir='ltr'>a.</span> <span class='ocrx_word' id='word_1_277' title='bbox 237 3809 269 3860; x_wconf 81' lang='lat' dir='ltr'>aa</span> <span class='ocrx_word' id='word_1_278' title='bbox 288 3804 350 3872; x_wconf 83' lang='lat' dir='ltr'>quid</span> <span class='ocrx_word' id='word_1_279' title='bbox 368 3806 417 3870; x_wconf 79' lang='lat' dir='ltr'>va]</span> <span class='ocrx_word' id='word_1_280' title='bbox 440 3806 486 3870; x_wconf 61' lang='lat' dir='ltr'>(viz</span> <span class='ocrx_word' id='word_1_281' title='bbox 512 3805 574 3873; x_wconf 80' lang='lat' dir='ltr'>qua</span> <span class='ocrx_word' id='word_1_282' title='bbox 597 3805 643 3855; x_wconf 75' lang='lat' dir='ltr'>troi</span> <span class='ocrx_word' id='word_1_283' title='bbox 668 3805 707 3856; x_wconf 78' lang='lat' dir='ltr'>uis</span> <span class='ocrx_word' id='word_1_284' title='bbox 729 3821 744 3854; x_wconf 76' lang='lat' dir='ltr'><em>v</em></span> <span class='ocrx_word' id='word_1_285' title='bbox 765 3805 810 3865; x_wconf 62' lang='grc' dir='ltr'>(ξ</span> <span class='ocrx_word' id='word_1_286' title='bbox 827 3774 924 3866; x_wconf 66' lang='lat' dir='ltr'>aenea)</span> <span class='ocrx_word' id='word_1_287' title='bbox 951 3803 955 3864; x_wconf 82' lang='grc' dir='ltr'>ι</span> <span class='ocrx_word' id='word_1_288' title='bbox 982 3812 1055 3866; x_wconf 77' lang='lat' dir='ltr'>quam</span> <span class='ocrx_word' id='word_1_289' title='bbox 1070 3803 1111 3845; x_wconf 81' lang='lat' dir='ltr'>ren</span> 
     </span>
     <span class='ocr_line' id='line_1_42' title="bbox 55 3854 1111 3942; baseline -0.012 -17"><span class='ocrx_word' id='word_1_290' title='bbox 55 3872 143 3928; x_wconf 72' lang='lat' dir='ltr'>Beati.</span> <span class='ocrx_word' id='word_1_291' title='bbox 165 3876 170 3942; x_wconf 81' lang='grc' dir='ltr'>Ι</span> <span class='ocrx_word' id='word_1_292' title='bbox 190 3876 245 3941; x_wconf 78' lang='lat' dir='ltr'>egis</span> <span class='ocrx_word' id='word_1_293' title='bbox 264 3889 314 3926; x_wconf 83' lang='lat' dir='ltr'>om.</span> <span class='ocrx_word' id='word_1_294' title='bbox 333 3875 369 3937; x_wconf 80' lang='lat' dir='ltr'>(a)</span> <span class='ocrx_word' id='word_1_295' title='bbox 391 3878 395 3938; x_wconf 82' lang='grc' dir='ltr'>Ι</span> <span class='ocrx_word' id='word_1_296' title='bbox 416 3875 471 3941; x_wconf 80' lang='lat' dir='ltr'>agis</span> <span class='ocrx_word' id='word_1_297' title='bbox 488 3865 648 3941; x_wconf 60' lang='lat' dir='ltr'>improbus?</span> <span class='ocrx_word' id='word_1_298' title='bbox 667 3877 741 3938; x_wconf 81' lang='lat' dir='ltr'>urget</span> <span class='ocrx_word' id='word_1_299' title='bbox 758 3873 793 3922; x_wconf 75' lang='lat' dir='ltr'>ul.</span> <span class='ocrx_word' id='word_1_300' title='bbox 818 3871 822 3938; x_wconf 85' lang='grc' dir='ltr'>Ι</span> <span class='ocrx_word' id='word_1_301' title='bbox 846 3873 879 3924; x_wconf 84' lang='grc'>48</span> <span class='ocrx_word' id='word_1_302' title='bbox 898 3865 1049 3938; x_wconf 88' lang='lat' dir='ltr'>spectauerit</span> <span class='ocrx_word' id='word_1_303' title='bbox 1063 3854 1111 3927; x_wconf 72' lang='lat' dir='ltr'>(uti</span> 
     </span>
     <span class='ocr_line' id='line_1_43' title="bbox 54 3941 804 4011; baseline -0.012 -13"><span class='ocrx_word' id='word_1_304' title='bbox 54 3944 88 3998; x_wconf 80' lang='lat'>48</span> <span class='ocrx_word' id='word_1_305' title='bbox 101 3961 140 4011; x_wconf 80' lang='lat' dir='ltr'>eq.</span> <span class='ocrx_word' id='word_1_306' title='bbox 160 3946 323 4011; x_wconf 79' lang='lat' dir='ltr'>spectaverat</span> <span class='ocrx_word' id='word_1_307' title='bbox 340 3957 399 4005; x_wconf 86' lang='lat' dir='ltr'>una,</span> <span class='ocrx_word' id='word_1_308' title='bbox 417 3943 513 3994; x_wconf 87' lang='lat' dir='ltr'>luserat</span> <span class='ocrx_word' id='word_1_309' title='bbox 531 3957 573 4006; x_wconf 76' lang='lat' dir='ltr'>vg.</span> <span class='ocrx_word' id='word_1_310' title='bbox 591 3943 643 4006; x_wconf 84' lang='grc'>149</span> <span class='ocrx_word' id='word_1_311' title='bbox 661 3941 751 3993; x_wconf 85' lang='lat' dir='ltr'>luserit</span> <span class='ocrx_word' id='word_1_312' title='bbox 768 3942 804 4004; x_wconf 87' lang='lat' dir='ltr'>(u)</span> 
     </span>
    </p>
   </div>
   <div class='ocr_carea' id='block_1_5' title="bbox 0 0 1242 4440">
    <p class='ocr_par' dir='ltr' id='par_1_6' title="bbox 0 0 1242 4440">
     <span class='ocr_line' id='line_1_44' title="bbox 0 0 1242 4440; baseline 0 1"><span class='ocrx_word' id='word_1_313' title='bbox 0 0 1242 4440; x_wconf 95' lang='lat' dir='ltr'> </span> 
     </span>
    </p>
   </div>
  </div>
 </body>
</html>
