2474 4440
190 255 251 315 102
358 310 361 316 4
548 257 680 310 canunt
699 256 899 312 saucutnnn.

316 430 375 489 lam
399 428 484 489 Fides
506 437 536 489 et
557 429 615 489 Pax
638 438 666 489 et
688 429 791 491 Honos
813 431 974 510 Pudorque

317 514 436 575 Priscus
458 522 486 574 et
509 514 641 593 neglecta
663 514 760 574 redire
784 515 882 577 Virtus

317 599 413 659 Audet
433 599 611 677 adparetque
632 598 717 659 beata
739 600 829 679 pleno

244 694 273 742 ot
393 683 483 762 Copia
506 701 616 755 cornu3

316 836 419 914 Augur
441 843 471 895 et
491 833 623 913 fulgente
647 835 772 895 decorus
795 852 866 896 arcu

316 919 454 981 Phoebus
477 927 674 998 acceptusque
696 938 801 979 novem
827 919 969 995 Camenis,

316 1004 373 1075 Oui
396 1005 514 1066 salutari
536 1004 611 1064 levat
632 1014 695 1065 arte
716 1005 809 1066 fessos

391 1089 531 1167 Corporis
552 1100 641 1161 artus,

244 1252 273 1302 oo
317 1241 348 1301 si
370 1241 515 1303 Palatinas
536 1240 613 1301 videt
634 1259 745 1319 aequus
767 1259 841 1314 aras,

318 1326 450 1405 Remque
472 1326 634 1386 Romanam
656 1326 831 1404 Latiumque
853 1324 921 1385 felix

318 1412 450 1472 Alterum
473 1411 502 1471 in
527 1411 651 1472 lustrum
674 1411 838 1490 meliusque
860 1426 978 1487 semper

391 1497 536 1574 Prorogat
557 1514 674 1570 aevum3

316 1648 457 1726 Quaeque
480 1648 656 1708 Aventinum
679 1656 760 1707 tenet
782 1644 990 1724 Algidumque,

244 1743 273 1792 '10
316 1733 490 1802 Quindecim
514 1733 605 1792 Diana
629 1750 733 1811 preces
755 1731 884 1791 virorum

316 1818 405 1879 Curat
427 1827 457 1878 et
477 1818 552 1877 votis
574 1835 735 1896 puerorum
759 1816 866 1876 amicas

391 1902 525 1981 Adplicat
547 1903 635 1962 nuris.

316 2054 395 2114 llaec
417 2053 514 2113 lovem
537 2055 646 2115 sentire
668 2052 799 2131 deosque
822 2059 946 2111 cunctos

318 2138 407 2217 Spem
430 2137 539 2198 bonam
562 2148 730 2216 certamque
753 2138 872 2198 domum
896 2143 1026 2213 reporto,

245 2234 274 2283 aa
320 2223 430 2285 Doctus
453 2232 482 2283 et
504 2223 615 2283 Phoebi
639 2224 749 2284 chorus
772 2231 800 2282 et
819 2220 932 2282 Dianae
1042 2291 1044 2295 Ι

395 2308 498 2369 [licere
521 2308 630 2369 laudes.

273 2509 298 2544 o.
316 2494 348 2544 65
366 2507 437 2544 arces
452 2493 456 2558 Ι
472 2493 504 2544 68
523 2497 643 2558 proroget
658 2491 662 2558 Ι
679 2495 707 2542 'll
729 2494 799 2541 curet
816 2489 918 2554 (υ)172
937 2488 1050 2556 adplicet
1068 2488 1106 2554 (o)
