2474 4440
163 231 225 291 230
538 235 580 288 bn
598 235 685 288 ARTE
703 235 850 289 Punnlnt.

246 406 370 468 llildcile
393 416 438 469 est
459 408 580 488 proprie
602 409 770 469 communia
792 409 900 484 dicere,
922 419 1015 490 tuque

246 492 366 554 Rectius
388 493 508 553 lliacum
530 511 648 554 carmen
672 494 792 555 deducis
814 494 843 554 in
867 504 950 556 actus

161 585 204 636 130
247 576 340 647 Quam
363 579 387 639 si
409 580 559 658 proferres
581 579 681 656 ignota
703 578 871 658 indictaque
892 581 1017 658 primus.
1100 616 1102 619 v

247 661 368 723 Publica
389 664 524 724 materies
545 663 649 742 privati
671 664 744 725 iuris
766 664 830 736 erit,
853 664 878 725 si

247 746 313 807 Non
337 748 412 809 circa
435 748 521 809 vilem
544 748 737 827 patulumque
760 747 925 811 moraberis
948 750 1052 811 orbem

247 831 308 893 Nec
329 833 419 893 verbo
441 832 564 895 verbum
588 832 705 894 curabis
727 833 851 895 reddere
872 835 947 896 fidus

248 916 399 997 interpres
421 936 477 979 nec
499 918 615 979 desilies
636 918 766 979 imitator
788 919 818 978 in
842 927 948 994 artum,

249 1001 334 1064 Unde
355 1002 459 1082 pedem
477 1005 618 1082 prolerre
640 1004 738 1082 pudor
759 1014 836 1065 vetet
858 1013 909 1065 aut
930 1005 1029 1084 operis
1052 1005 1109 1064 lex.

247 1087 308 1148 Nec
330 1089 373 1149 sic
395 1088 529 1167 incipies,
552 1097 585 1148 ut
605 1089 734 1167 scriptor
756 1089 884 1169 cyclicus
907 1089 976 1150 olim

244 1165 418 1234 ‘Fortunam
442 1173 550 1233 Priami
574 1173 700 1234 cantabo
723 1184 752 1234 et
775 1174 874 1235 nobile
897 1164 1035 1247 bellum'3

247 1255 325 1326 Quid
347 1258 468 1337 dignum
492 1266 574 1319 tanto
597 1259 671 1319 leret
692 1259 740 1319 bic
762 1260 925 1338 promissor
947 1257 1050 1321 hiatu?

246 1342 415 1404 Parturient
437 1354 563 1415 montes,
587 1352 724 1405 nascetur
747 1343 887 1406 ridiculus
909 1363 984 1404 mus.

245 1426 362 1497 Quanto
384 1429 493 1489 rectius
516 1429 571 1499 bic,
594 1428 644 1507 qui
668 1428 708 1489 nil
730 1429 849 1490 molitur
870 1430 980 1508 inepte,

244 1504 312 1574 ‘bio
333 1514 413 1586 mihi,
437 1513 529 1588 Musa,
552 1514 656 1586 virum,
679 1523 781 1592 captae
803 1524 872 1592 post
893 1523 1026 1593 tempora
1049 1514 1155 1576 Troiae

245 1597 302 1668 Oui
324 1617 422 1659 mores
444 1600 597 1660 hominum
620 1599 780 1660 multorum
803 1600 872 1660 vidit
895 1608 924 1660 et
945 1593 1047 1660 urbis?

245 1682 312 1744 Non
335 1684 447 1744 fumum
471 1703 505 1744 ex
530 1684 655 1762 fulgore,
677 1683 728 1745 sed
751 1702 787 1744 ex
809 1685 891 1745 sumo
914 1684 984 1744 dare
1006 1684 1104 1745 lucem

247 1767 370 1848 Cogitat,
393 1778 426 1829 ut
447 1770 579 1848 speciosa
602 1767 710 1829 debinc
732 1769 872 1830 miracula
893 1778 1019 1849 promat,

245 1855 427 1933 Antiphaten
451 1855 635 1935 Scyllamque
658 1862 777 1914 etcum
800 1853 927 1934 Cyclope
950 1854 1144 1934 Charybdim

244 1939 305 2000 Nec
328 1941 453 2000 reditum
478 1939 626 2000 Diomedis
648 1938 685 1999 ab
708 1939 830 2000 interitu
852 1939 990 2018 Meleagri

243 2022 304 2083 Nec
325 2025 443 2103 gemino
466 2024 575 2086 bellum
599 2024 759 2084 Troianum
783 2023 897 2085 orditur
918 2025 954 2085 ab
977 2041 1049 2098 ovo;

245 2107 369 2188 Semper
389 2110 425 2170 ad
448 2119 585 2171 eventum
608 2109 728 2170 festinat
750 2109 831 2170 etin
855 2108 965 2170 medias
987 2127 1034 2170 res

243 2193 310 2253 Non
333 2212 418 2255 secus
440 2212 474 2254 ac
496 2203 580 2255 notas
602 2194 767 2255 auditorem
790 2193 868 2273 rapit
888 2204 917 2254 et
940 2212 1014 2272 quae

242 2277 385 2357 Desperat
405 2286 528 2339 tractata
550 2279 693 2339 nitescere
716 2298 802 2358 posse
824 2279 975 2357 relinquit,

243 2363 339 2441 Atque
361 2363 401 2424 ita
423 2363 575 2437 mentitur,
599 2363 642 2424 sic
663 2365 740 2425 veris
762 2365 833 2426 falsa
856 2364 1003 2438 remiscet,

243 2447 342 2509 Primo
364 2467 402 2510 ne
424 2448 563 2522 medium,
586 2448 682 2509 medio
705 2467 743 2510 ne
765 2449 913 2529 discrepet
934 2449 1036 2510 imum.
1060 2482 1102 2493 -

244 2532 290 2593 Tu
313 2534 382 2612 quid
405 2551 460 2613 ego
483 2542 512 2594 et
533 2533 662 2613 populus
684 2552 800 2595 mecum
823 2536 969 2597 desideret
991 2535 1069 2607 audi,

245 2617 275 2679 Si
298 2619 424 2697 plosoris
447 2636 515 2697 eges
537 2618 638 2679 aulaea
659 2619 806 2680 manentis
829 2629 858 2680 et
881 2637 976 2698 usque

244 2703 369 2779 Sessuri,
392 2705 487 2765 donec
509 2713 614 2765 cantor
633 2697 697 2765 ‘vos
719 2700 856 2783 plaudite'
882 2704 970 2764 dicat:

242 2789 352 2850 dotatis
373 2789 517 2868 cuiusque
540 2787 663 2849 notandi
685 2797 755 2849 sunt
776 2788 829 2849 tibi
851 2807 949 2849 mores

241 2872 458 2953 Mobilibusqne
480 2875 579 2948 decor,
603 2874 726 2935 maturis
748 2874 861 2934 dandus
884 2881 914 2934 et
936 2873 1032 2934 annis.

243 2957 376 3020 Reddere
399 2959 450 3037 qui
472 2977 559 3020 voces
581 2959 639 3020 iant
662 2960 718 3020 scit
739 2976 816 3038 puer
837 2967 867 3019 et
888 2957 963 3036 pede
987 2965 1069 3018 certo

243 3042 346 3122 Signat
368 3045 501 3115 humum,
524 3043 612 3123 gestit
633 3043 754 3124 paribus
777 3044 938 3105 conludere
961 3052 991 3103 et
1012 3043 1086 3102 iram

245 3126 375 3208 Conligit
395 3148 429 3190 ac
450 3129 536 3208 ponit
558 3138 670 3190 temere
692 3137 721 3190 et
742 3137 874 3190 mutatur
895 3129 925 3188 in
949 3127 1047 3188 boras.

242 3212 388 3275 lnberbus
410 3214 524 3274 iuvenis
546 3214 664 3274 tandem
687 3214 810 3275 custode
833 3221 948 3274 remoto

243 3296 355 3359 Gaudet
378 3299 461 3377 equis
483 3298 665 3378 canibusque
687 3308 716 3359 et
738 3298 830 3378 aprici
853 3297 986 3377 gramine
1008 3297 1116 3376 campi,

244 3381 353 3444 Cereus
374 3385 403 3444 in
427 3383 528 3444 vitium
551 3383 638 3457 flecti,
661 3383 860 3444 monitoribus
882 3399 979 3461 asper,

244 3466 363 3529 Utilium
386 3469 488 3529 tardus
509 3468 655 3548 provisor,
677 3468 820 3548 prodigus
842 3467 927 3540 aeris,

241 3736 266 3773 v.
281 3723 327 3774 133
342 3721 447 3773 uerbum
460 3719 540 3772 uerbo
555 3719 559 3784 Ι
577 3721 625 3772 136
638 3718 736 3786 cyclius
749 3720 784 3783 (o)
799 3720 803 3782 Ι
821 3719 869 3771 139
882 3717 1027 3783 parturiunt
1037 3718 1074 3782 (a)
1089 3718 1094 3780 Ι
1111 3721 1164 3772 153
1177 3733 1230 3787 sqq,

157 3786 224 3838 audi.
242 3791 272 3853 (s.
291 3790 373 3853 audi2)
392 3789 439 3841 Si.
453 3787 555 3851 dicat,
574 3788 608 3839 al.
624 3789 628 3852 1
646 3789 695 3839 tol
712 3786 838 3853 plausoris
853 3787 858 3851 Ι
876 3787 923 3840 1111
942 3782 1057 3855 maturis]
1076 3788 1113 3850 (v)
1132 3787 1223 3841 Bmtt

156 3854 253 3906 naturis
272 3872 287 3907 o
304 3857 365 3920 (ΑΚ
387 3858 497 3908 coaieot.
522 3871 590 3921 epto.
617 3854 651 3907 lV
679 3854 865 3922 Grypb.1887
891 3870 918 3921 p.
938 3853 1038 3919 Vleqq.
1063 3858 1091 3906 ct
1114 3857 1182 3912 adn.
1202 3872 1230 3909 ao

156 3924 181 3972 Ιι.
201 3921 218 3972 l.
235 3922 239 3988 Ι
257 3925 301 3976 161
322 3924 452 3987 inberbus]
464 3946 498 3967 =
509 3924 560 3977 15⁰:
578 3923 691 3976 inberbis
