2474 4440
481 286 653 340 cnuuluulu
669 287 690 339 ll
709 292 749 342 10.
771 292 809 341 11.

241 461 364 539 Saepius
379 460 473 521 ventis
488 460 614 537 agitatur
628 461 735 538 iugens

172 554 201 604 10
247 546 337 606 Pinus
353 555 382 605 et
396 545 489 605 celsae
503 545 635 621 graviore
650 563 720 606 casu

243 631 389 691 Decidunt
403 639 501 690 turres
515 629 685 707 feriuntque
701 647 832 691 summos

316 714 444 795 Fulgura
460 713 578 775 montis

243 832 348 911 Sperat
363 832 486 903 infestis,
503 831 605 892 metuit
620 832 757 893 secundis

242 918 371 979 Alteram
386 926 496 977 sortem
512 916 588 977 hene
603 925 809 995 praeparatum

171 1010 198 1059 15
246 1003 360 1064 Pectus.
390 1000 529 1061 Informis
543 1001 654 1062 hiemes
670 1001 784 1061 reducit

317 1085 460 1164 luppiter,
477 1085 553 1145 idem

242 1202 416 1277 Submovet;
434 1222 505 1276 nou,
521 1203 544 1262 si
560 1202 636 1262 male
652 1221 742 1275 nunc,
759 1212 788 1263 et
803 1202 873 1263 olim

240 1286 289 1348 Sic
305 1289 375 1348 erit:
393 1287 541 1366 quondam
557 1287 667 1346 cithara
683 1295 829 1348 tacentem

242 1371 369 1433 Suscitat
384 1373 495 1433 Musam
512 1389 609 1448 neque
624 1390 742 1451 semper
757 1390 858 1433 arcum

168 1465 196 1516 0)
316 1457 424 1517 Tendit
438 1456 551 1535 Apollo.
569 1492 611 1501 -
727 1452 731 1461 ’

241 1573 343 1636 Rebus
358 1575 490 1652 angustis
505 1572 655 1633 animosus
671 1583 758 1651 atque

241 1659 337 1720 Fortis
353 1677 472 1738 appare,
488 1658 636 1736 sapienter
652 1657 728 1717 idem

244 1744 405 1804 Contrahes
421 1752 508 1803 vento
524 1742 647 1802 nimium
663 1741 793 1802 secundo

320 1828 450 1906 Turgida
465 1828 535 1886 vela.

628 2078 667 2138 Xl

240 2195 316 2266 Quid
332 2196 488 2258 bellicosus
504 2196 649 2257 Cantaber
665 2203 694 2256 et
710 2195 841 2275 Scythes,

240 2279 364 2359 Hirpine
380 2280 511 2353 Quincti,
527 2282 635 2360 cogitet
650 2280 758 2340 Hadria

279 2366 395 2426 Divisus
410 2366 535 2440 obiecto,
552 2366 683 2427 remittas

334 2450 483 2520 Quaerere
499 2468 555 2510 nec
570 2450 699 2529 trepides
714 2450 744 2510 in
762 2468 847 2509 usum

179 2577 194 2625 a
238 2567 392 2629 Poscentis
406 2570 467 2629 aevi
483 2587 592 2648 pauca:
610 2569 684 2647 lugit
699 2576 780 2628 retro

238 2651 323 2714 Levis
338 2653 471 2714 iuventas
486 2663 516 2714 et
530 2654 630 2736 decor,
646 2653 727 2712 arida

279 2737 412 2798 Pellente
427 2738 549 2799 lascivos
557 2736 679 2798 amores

333 2822 444 2883 Canitie
459 2822 632 2901 facilemque
649 2839 797 2882 somnum.
816 2855 857 2864 —

235 2940 301 3000 Nou
317 2959 434 3019 semper
448 2941 523 3001 idem
539 2940 663 3001 floribus
679 2950 724 3000 est
738 2939 836 2998 honor

163 3034 192 3084 10
236 3024 340 3085 Vernis
357 3043 453 3104 neque
468 3044 529 3085 uno
545 3025 614 3085 luna
630 3024 742 3086 rubens
759 3023 833 3082 nitet

281 3108 382 3169 Vultu:
400 3109 469 3187 quid
486 3111 614 3171 aeternis
630 3110 778 3170 minorem

332 3194 467 3255 Consiliis
483 3195 612 3255 animum
629 3189 755 3273 fatigas?

237 3311 296 3373 Cur
311 3332 371 3372 non
388 3311 443 3373 sub
458 3313 515 3373 alta
530 3313 574 3372 vel
588 3313 707 3392 platano
723 3313 767 3373 vel
781 3312 836 3371 hac

237 3396 310 3457 Pinu
327 3398 455 3457 iacentes
470 3398 512 3457 sio
527 3405 636 3457 temere
652 3407 681 3458 et
696 3416 763 3459 rosa

167 3488 195 3538 15
281 3482 377 3543 Canos
393 3481 506 3542 odorati
522 3482 652 3560 capillos,

332 3567 409 3627 Dum
424 3567 502 3639 licet,
518 3567 695 3646 Assyriaque
712 3567 804 3627 nardo

191 3814 212 3864 x
231 3831 254 3865 u.
274 3819 289 3869 0
307 3816 409 3867 saeuius
432 3817 486 3879 (u)?
507 3818 547 3870 ed.
565 3818 723 3884 Rotdomag.
743 3834 767 3870 a.
787 3821 865 3879 1101;
884 3820 1056 3870 Burmannus
1072 3827 1109 3867 a

103 3882 164 3933 Her.
183 3881 253 3934 XIV
265 3883 300 3936 39
315 3884 319 3951 1
337 3887 368 3936 18
387 3883 498 3936 citharae
516 3883 554 3952 (u)

190 3950 223 4001 lll
241 3968 264 4003 o.
285 3956 316 4005 16
334 3952 485 4018 assyrioque
503 3954 539 4016 (o)
