2520 4434
462 205 635 258 CARMINUM
652 207 681 259 111
701 210 723 260 8.
742 211 766 260 9.

209 377 308 448 Sume,
332 376 494 450 Maecenas,
517 380 637 458 cyathos
659 380 744 439 amici

206 461 332 540 Sospitis
353 471 472 522 eentum
496 471 525 522 et
546 463 647 540 vigiles
669 464 804 524 lucernas

207 547 311 607 Perfer
333 547 362 607 in
386 546 497 607 luceml
521 549 625 626 procui
648 549 745 608 omnis
767 557 829 609 esto

256 631 372 692 Clamor
395 640 423 691 ct
445 631 498 691 ira.

208 750 290 810 Mitte
313 749 405 810 civilis
427 768 518 829 super
541 750 614 810 urhe
637 752 736 810 cerasi

209 834 325 895 Occidit
347 835 416 894 Daci
441 834 587 895 Cotisonis
609 852 723 911 agmen,

210 918 312 980 Medus
334 920 459 980 infestus
480 919 536 978 sihi
559 920 701 980 luctuosis

251 1003 379 1065 Dissidet
400 1003 498 1075 armis,

210 1121 306 1181 Servit
327 1121 474 1200 Hispanae
496 1130 578 1182 vetus
600 1122 692 1183 hostis
714 1141 783 1183 orae

211 1206 356 1267 Cantaber
377 1224 441 1267 sera
465 1205 592 1267 domitus
614 1217 726 1279 catena,

210 1293 268 1352 lam
293 1291 419 1371 Scythae
442 1291 506 1350 laxe
529 1293 708 1352 meditantur
730 1311 799 1353 arcu

258 1375 367 1437 Cedere
389 1377 509 1454 campis.

211 1494 385 1573 Negiegens‚
409 1511 505 1571 nequa
527 1492 656 1572 populus
678 1493 802 1566 laboret,

213 1579 303 1639 Parce
326 1578 456 1658 privatus
478 1579 601 1638 nimium
627 1597 728 1640 cavere
752 1589 781 1639 et

213 1663 294 1723 Dona
317 1663 480 1742 praesentis
502 1681 574 1741 cape
596 1663 690 1725 iaetus
712 1664 811 1738 horae,

260 1748 374 1826 Linque
396 1765 507 1808 severa.

601 2103 641 2163 ΙΧ

211 2212 328 2280 ‘Donec
350 2230 450 2300 gratus
473 2240 552 2280 eram
575 2222 626 2282 tihi

260 2305 320 2365 Nec
343 2306 497 2384 quisquam
522 2308 619 2385 potior
641 2307 781 2367 bracchia
803 2310 943 2369 candidae

215 2388 325 2451 Cervici
347 2391 460 2451 iuvenis
482 2391 575 2465 dabat,

262 2475 416 2535 Persarum
439 2476 517 2552 vigui
540 2496 609 2555 rege
632 2467 762 2537 beatior?

211 2588 326 2653 ‘Donec
349 2613 409 2654 nen
433 2593 487 2653 alia
511 2595 601 2673 magis

261 2678 365 2739 Arsisti
389 2697 486 2755 neque
509 2690 571 2738 erat
594 2679 681 2758 Lydia
706 2689 773 2759 pust
796 2679 916 2759 Chloen,

218 2761 300 2822 Multi
323 2762 413 2842 Lydia
438 2764 567 2823 nominis

262 2846 393 2907 Romana
415 2847 493 2926 vigui
517 2849 623 2908 clarior
646 2841 713 2908 llia.'

213 2957 274 3025 ‘Me
297 2985 378 3028 nunc
402 2967 526 3027 Thressa
550 2967 639 3027 Chloe
663 2968 747 3045 regit,

263 3050 361 3112 Dulcis
385 3054 469 3112 ducta
492 3053 597 3111 modus
620 3061 648 3112 et
671 3053 799 3112 citharae
821 3052 927 3123 sciens,

216 3135 274 3194 Pro
297 3154 354 3214 qua
378 3155 437 3196 non
461 3146 588 3196 metuam
612 3138 696 3208 meri,

265 3219 294 3279 Si
317 3230 442 3300 parcent
463 3222 577 3281 animae
600 3223 656 3282 sata
681 3215 849 3300 superstiti?

174 3469 229 3520 Vhl
248 3486 272 3520 v.
293 3473 324 3521 14
343 3471 451 3536 hospitis
469 3475 503 3535 (v)
527 3472 531 3536 Ι
557 3476 588 3523 15
612 3473 697 3537 profer
719 3474 754 3536 (u)
774 3472 892 3538 Guyctus
916 3474 919 3538 Ι
944 3476 975 3524 25
1000 3469 1161 3534 Neglegens,]

87 3538 233 3603 neglegens
251 3538 360 3602 virgula
379 3554 428 3589 om.
454 3554 513 3589 cum
537 3540 647 3605 populus
670 3556 726 3591 vce.
751 3543 916 3604 coniungens
935 3540 1088 3604 Madvigius
1105 3542 1163 3588 ani-

85 3607 174 3656 madv.
196 3607 258 3656 erit.
279 3605 299 3654 11
319 3609 396 3670 hasq.
415 3607 475 3668 (alit
497 3613 523 3656 et
543 3611 597 3672 ipsi
619 3609 753 3672 virgulam
777 3625 830 3657 non
856 3609 995 3672 audenter,
1018 3613 1105 3657 tumen
1129 3606 1164 3655 ud

86 3673 271 3724 Maecenatem
289 3670 422 3738 referunt)
446 3673 450 3740 Ι
476 3677 555 3740 25rq.
574 3674 673 3726 laboret
691 3682 762 3740 parte
782 3677 815 3728 M.
834 3678 956 3739 Bonfinis
974 3680 1003 3724 1η
1022 3676 1085 3726 Hor.
1104 3690 1162 3738 opp.

87 3746 181 3792 annet.
205 3739 329 3790 xxxvhr
358 3743 398 3803 (A.
411 3743 515 3792 Palmer
533 3744 607 3795 clusa.
621 3760 676 3793 rev.
690 3748 713 3806 5,
728 3747 801 3807 1891,
817 3748 916 3810 p.140)
933 3745 936 3810 Ι
954 3746 985 3794 26
999 3748 1024 3793 et
1043 3759 1091 3792 om.
1106 3746 1140 3804 (u)
1159 3740 1163 3803 Ι

88 3811 118 3860 27
139 3810 221 3860 horae
241 3823 271 3858 ac
288 3808 323 3873 (υ)
342 3809 418 3860 horae
437 3816 462 3860 et
481 3811 517 3873 (v)

173 3874 209 3927 lx
228 3892 253 3925 v.
273 3879 287 3926 5
306 3877 379 3927 aliern
398 3880 434 3940 (v)
