2474 4440
392 219 564 272 CABMlNUM
582 222 602 274 ll
621 225 643 274 3.
662 227 686 275 t.
705 226 728 274 5.

152 390 268 452 Omnes
284 391 387 451 eodem
404 392 546 469 cogimur,
562 393 694 452 omnium

147 475 291 537 Versatur
306 493 381 536 urna
396 476 490 536 serius
506 476 589 536 ocius

190 562 264 622 Sors
281 561 394 621 exitura
411 570 439 620 et
456 579 510 621 nos
526 561 556 620 in
572 569 726 621 aeternum

239 645 366 706 Exilium
383 645 554 723 impositura
569 645 702 706 cumbae.

541 898 576 956 lV

148 1015 189 1076 Ne
205 1016 244 1076 sit
260 1014 385 1076 ancillae
401 1014 452 1075 tibi
469 1033 551 1074 amor
566 1015 681 1093 pudori,

147 1099 273 1160 Xanthia
290 1100 427 1160 Phoceul
443 1100 525 1177 prius
541 1099 720 1160 insolentem

148 1185 237 1245 Serva
253 1184 362 1245 Briseis
378 1184 463 1244 niveo
479 1184 577 1244 colore

221 1270 311 1330 Movit
326 1269 476 1340 Achillem,

148 1387 238 1447 Morit
253 1386 369 1447 Aiacem
385 1386 544 1446 Telamone
562 1395 662 1446 natum

147 1471 254 1532 Forma
268 1472 397 1550 captivae
413 1471 565 1531 dominum
582 1471 762 1543 Tecmessae,

149 1558 227 1617 Arsit
241 1556 357 1616 Atrides
373 1555 469 1616 medio
485 1555 515 1615 in
533 1555 681 1634 triumpho

226 1641 345 1720 Virgine
361 1648 453 1719 rapta,

152 1759 299 1819 Barbarae
316 1768 471 1839 postquam
486 1756 618 1817 cecidere
633 1767 747 1816 turmae

147 1844 287 1904 Thessalo
304 1844 411 1904 victore
427 1852 457 1903 et
472 1841 624 1920 ademptus
639 1841 749 1901 Hector

146 1929 279 1988 Tradidit
293 1927 375 1988 fessis
390 1927 499 1988 leviora
514 1926 577 1986 tolli

223 2013 362 2091 Pergama
378 2011 470 2075 Grais,
489 2045 529 2055 —

145 2131 266 2192 Nescias
281 2149 316 2190 an
334 2140 361 2190 te
376 2147 520 2208 generum
536 2129 612 2190 beati

145 2215 286 2295 Phyllidis
301 2215 389 2276 llavae
404 2215 547 2275 decorent
562 2222 715 2292 parentes:

144 2301 270 2380 Regium
287 2309 366 2360 certe
382 2317 477 2377 genus
493 2308 522 2358 et
538 2298 653 2358 Penatis

223 2385 331 2445 llacret
346 2385 475 2463 iniquos

145 2501 240 2563 Crede
256 2522 315 2563 non
333 2503 412 2563 illam
428 2500 481 2561 tihi
497 2501 533 2561 de
548 2500 670 2561 scelesta

145 2587 235 2648 Plebe
250 2587 384 2648 dilectam
400 2604 498 2664 neque
513 2585 555 2646 sic
569 2583 694 2656 fidelem,

147 2671 196 2732 Sic
211 2671 292 2732 lucro
308 2690 438 2732 aversam
455 2670 584 2749 potuisse
601 2669 681 2730 nasci

217 2752 310 2817 llatre
326 2756 473 2835 pudenda.

147 2873 283 2934 Bracchia
300 2884 329 2935 et
342 2873 455 2934 voltum
471 2872 628 2950 teretisque
644 2887 726 2931 suras

151 2957 268 3036 lnteger
282 2959 384 3019 laudo:
401 2958 470 3037 luge
486 2956 637 3036 suspicari,

150 3041 236 3103 Cuius
249 3053 382 3103 octavum
398 3043 551 3122 trepidavit
566 3051 645 3101 aetas

223 3127 363 3188 Clauderc
378 3127 513 3187 lustrum.

476 3274 628 3288 ..-....--

539 3377 562 3436 V

156 3491 283 3556 Nondum
298 3496 416 3557 subacta
432 3497 508 3558 ferre
525 3497 625 3575 iugum
641 3490 715 3549 valet

159 3574 274 3654 Cervice,
291 3581 423 3641 nondum
438 3583 537 3642 munia
553 3575 700 3655 comparis

199 3664 325 3742 Aequare
343 3683 397 3725 nec
412 3667 487 3726 tauri
502 3664 615 3727 ruentis

239 3748 270 3808 ln
286 3767 422 3810 venerem
438 3751 564 3812 tolerare
581 3744 707 3828 pondus.

97 3839 232 3931 -Wssutd
249 3879 370 3932 delectam

104 3960 191 4008 Horatius.
