2474 4440
453 222 625 275 GARllllNUlll
643 225 655 276 l
672 227 713 276 24.
727 228 767 276 25.

539 381 541 387 ⁵
567 393 656 452 XXll'

204 510 277 581 Quis
292 510 438 571 desiderio
451 511 488 570 sit
503 511 601 589 pudor
615 522 665 572 aut
679 512 784 573 modus

203 595 275 655 Tam
292 596 351 656 cari
369 593 493 674 capitis‘l
508 597 647 675 praecipe
662 597 795 674 lugubris

204 680 323 754 Cantus,
339 680 533 759 Melpomene,
551 681 599 741 cui
614 681 756 759 liquidam
770 693 854 761 pater

281 765 388 826 Vocem
404 783 472 825 cum
487 766 597 825 eithara
614 765 702 826 dedit.

126 944 128 947 ,
146 895 161 942 5
204 881 282 959 Ergo
299 881 652 963 Quintilinmpcrpetuus
667 903 757 962 sopor

206 965 319 1044 Urget‘l
350 967 396 1027 cui
412 967 511 1026 Pudor
527 975 556 1026 ct
572 967 702 1029 lustitiae
717 987 813 1043 soror,

209 1051 385 1130 lncorrupta
401 1050 496 1123 Fides,
513 1052 650 1131 nudaque
667 1053 779 1114 Veritas

281 1136 407 1207 Quando
424 1136 516 1197 ullum
532 1136 662 1197 inveniet
676 1136 800 1217 parem?

207 1254 306 1314 llultis
321 1254 370 1314 illc
386 1253 473 1314 bonis
488 1252 594 1314 llebilis
610 1255 727 1331 occidit,

136 1350 166 1399 1⁰
209 1338 286 1398 Nulli
302 1339 428 1399 flebilior
443 1356 530 1416 quam
546 1338 609 1410 tibi,
625 1339 749 1419 Vergili:

206 1422 252 1481 Tu
267 1424 376 1484 frustra
392 1424 467 1502 pius,
483 1423 551 1496 heu,
568 1443 628 1483 non
645 1425 684 1484 ita
700 1425 844 1486 creditum

282 1508 384 1569 Poscis
399 1507 577 1578 Quintilium
594 1509 675 1569 deos.

206 1627 284 1698 Quid
299 1627 323 1688 si
339 1626 476 1686 Threicio
492 1626 629 1687 blandius
645 1626 764 1706 Orpheo

204 1712 340 1772 Aedilem
356 1712 510 1770 moderere
525 1710 681 1771 arboribus
695 1710 806 1772 fidem?

136 1808 163 1857 25
207 1797 281 1858 Num
298 1813 390 1855 vanae
405 1796 506 1855 redeat
521 1797 640 1874 sanguis
655 1797 784 1874 imagini,

284 1880 377 1950 Quam
393 1881 473 1957 virga
489 1880 580 1940 semel
597 1882 725 1954 horrida,

207 1999 272 2060 Non
289 1999 365 2059 lenis
380 1997 518 2076 precibus
535 1999 593 2057 lata
608 1999 769 2072 recludere,

206 2084 297 2163 Nigro
314 2083 492 2161 compulerit
507 2082 669 2143 Mercurius
684 2082 788 2162 gregi?

206 2168 336 2229 Durum:
352 2167 403 2228 scd
419 2167 511 2227 levius
526 2167 558 2227 fit
573 2168 713 2245 patientia

134 2264 163 2314 bu
281 2251 431 2330 Quidquid
449 2251 599 2328 corrigere
615 2262 659 2313 est
675 2256 765 2314 nefas.

578 2537 653 2598 XXV

207 2659 328 2720 Parcius
343 2658 458 2718 iunctas
474 2657 611 2736 quatiunt
625 2659 770 2718 fenestras

205 2744 334 2805 lactibus
349 2743 462 2804 crebris
476 2743 599 2803 iuvenes
614 2742 744 2822 protervi

206 2832 267 2892 Nec
282 2829 334 2890 tibi
351 2847 473 2890 somnos
488 2828 623 2888 adimunt
638 2836 773 2905 amatque

281 2915 372 2996 lanua
388 2914 490 2987 limen,

149 3046 164 3094 5
208 3034 290 3104 Quae
307 3034 390 3113 prius
405 3033 533 3092 multum
548 3031 640 3090 facilis
654 3030 789 3090 movebat

206 3118 360 3193 Cardines3
377 3117 460 3178 audis
475 3117 575 3176 minus
590 3126 619 3175 et
634 3115 732 3175 minus
747 3114 804 3174 iam

203 3197 263 3266 ‘lle
278 3214 330 3265 tuo
346 3203 449 3283 longas
466 3211 612 3281 pereunte
628 3201 732 3275 noctis,

282 3289 382 3371 Lydia,
398 3277 548 3349 dormisl’

177 3472 181 3480 ,
204 3407 335 3472 lnvicem
350 3408 491 3469 moechos
506 3423 583 3466 anus
598 3403 765 3483 arrogantis

8 3498 40 3575 br·
137 3501 166 3553 1⁰
207 3491 305 3558 Flebis
320 3496 352 3557 in
368 3493 432 3556 solo
447 3492 519 3554 levis
535 3490 704 3570 angiportu,

8 3582 27 3609 ''
205 3575 331 3644 Thracio
346 3580 511 3642 bacchante
527 3575 620 3656 magis
635 3574 690 3635 sub
706 3574 799 3633 inter·

279 3667 476 3740 mmmm,

37 3776 279 3803 affl*-

162 3848 242 3904 xnv
259 3868 283 3905 υ.
305 3855 335 3906 13
354 3851 445 3920 quodsi
463 3848 523 3916 (vll
548 3851 577 3900 1⁵
596 3861 648 3898 ¹¹⁰⁰
666 3845 701 3906 (υ)
795 3908 839 3921 ..

63 3926 89 3961 a,
112 3950 115 3955 ,
161 3914 232 3971 m
248 3937 275 3972 v,
293 3923 309 3975 2
326 3921 447 3984 pactibus]
466 3941 500 3963 =
519 3918 544 3968 Η
556 3931 645 3982 opusc.
664 3912 693 3964 lll
712 3914 774 3964 455:
795 3907 890 3961 rclrbus
908 3909 943 3972 (Ἠ)
