2520 4434
153 241 213 300 168
556 241 744 294 scribantur
762 243 823 296 tlt.

153 427 180 477 to
237 415 298 476 Ede
321 415 449 475 hominis
472 433 591 487 nomen,
614 414 702 476 simul
724 424 762 487 et,
784 415 936 476 Romanus
957 435 994 477 an
1019 418 1136 497 hospes.

237 494 316 580 ‘lpsa
338 517 454 560 memor
475 510 631 579 praecepta
655 518 767 574 canam,
792 499 937 560 celabitur
959 512 1073 564 auctor.

238 586 340 663 Longa
364 585 471 664 quibus
493 586 581 646 facies
604 586 665 646 ovis
688 586 754 657 erit,
777 584 825 645 illa
848 595 1008 658 memento,

238 671 278 732 Ut
299 670 361 732 suci
383 670 514 731 melioris
536 679 565 730 et
587 680 620 730 ut
640 670 734 747 magis
756 668 832 730 alma
854 672 1001 745 rotundis,

239 755 354 816 Ponere
361 775 369 830 ;
393 774 522 833 namque
544 773 656 815 marem
679 755 818 815 cohibent
840 755 946 817 callosa
968 756 1109 819 vitellum.

241 840 309 901 Cole
332 839 504 902 suburbano
528 841 577 919 qui
600 840 685 902 siccis
707 841 798 900 crevit
820 841 850 900 in
874 841 951 920 agris

240 926 369 1000 Dulcior,
393 925 510 1005 inriguo
535 925 608 985 nibil
631 935 676 986 est
698 925 805 986 elutius
826 926 923 985 horto.

240 1010 272 1070 Si
293 1011 480 1090 vespertinus
502 1011 599 1071 subito
622 1020 651 1071 te
674 1011 855 1089 oppresserit
876 1011 994 1091 hospes

238 1097 282 1156 Ne
305 1096 410 1173 gallina
433 1096 541 1156 malum
564 1104 721 1175 responset
743 1095 815 1155 dura
838 1095 944 1175 palato,

239 1181 350 1242 Doctus
372 1181 430 1241 eris
451 1181 544 1241 viram
567 1191 664 1241 musto
687 1198 817 1240 mersare
840 1180 983 1257 Falerno;
1086 1259 1087 1262 Ἴ

241 1266 305 1326 Hoc
328 1276 460 1326 teneram
484 1266 578 1326 saciet.
623 1265 816 1326 Pratensibus
839 1267 947 1344 optima
970 1269 1073 1348 fungis

238 1352 347 1411 Natura
371 1360 426 1423 est,
448 1350 511 1411 aliis
533 1350 607 1410 male
630 1351 768 1411 creditur.
813 1350 865 1410 llle
888 1351 1013 1413 salubris

239 1437 371 1497 Aestates
393 1445 523 1515 peraget,
546 1436 597 1514 qui
620 1436 713 1514 nigris
735 1434 856 1514 prandia
880 1438 970 1498 moris

240 1520 345 1594 Finiet,
368 1531 436 1581 ante
459 1539 575 1600 gravem
599 1539 675 1599 quae
697 1520 801 1599 legerit
822 1520 927 1582 arbore
950 1522 1053 1584 solem.

240 1606 372 1666 Aufidius
394 1607 462 1666 lorti
484 1606 626 1667 miscebat
648 1605 733 1666 mella
756 1605 896 1665 Falerno:

240 1691 390 1765 Mendose,
414 1692 553 1769 quoniam
576 1692 675 1752 vacuis
698 1692 874 1752 conmittere
896 1692 978 1753 venis

239 1776 287 1836 Nil
310 1776 367 1837 nisi
388 1776 456 1837 lene
479 1777 578 1848 decet;
602 1776 661 1837 leni
684 1775 856 1855 praecordia
879 1777 974 1837 mulso

241 1861 391 1922 Prolueris
413 1862 527 1923 melius.
573 1862 603 1922 Si
626 1861 698 1921 dura
721 1859 885 1921 morabitur
907 1861 997 1933 alvus,

240 1945 360 2007 Mitulus
383 1956 412 2007 et
433 1947 505 2008 viles
526 1946 638 2026 pellent
660 1946 806 2006 obstantia
829 1947 961 2006 conchae

241 2031 277 2091 Et
300 2031 408 2110 lapathi
430 2032 526 2092 brevis
548 2031 649 2103 herba,
673 2032 723 2093 sed
745 2031 812 2090 albo
836 2050 896 2090 non
921 2032 984 2092 sine
1008 2030 1079 2094 Coo.

241 2116 368 2176 Lubrica
392 2124 548 2176 nascentes
570 2116 694 2195 implent
717 2116 869 2195 conchylia
892 2117 988 2190 lunae,

242 2201 299 2262 Sed
323 2219 384 2260 non
408 2219 495 2260 omne
518 2219 599 2261 mare
622 2210 667 2261 est
688 2219 849 2280 generosae
871 2202 966 2262 fertile
989 2211 1096 2263 testae:

241 2285 353 2345 Murice
376 2284 486 2345 Baiano
509 2285 612 2345 melior
634 2285 762 2346 Lucrina
786 2286 904 2364 peloris,
1002 2322 1003 2326 =

242 2370 346 2430 Ostrea
371 2369 498 2440 Circeiis,
522 2370 635 2430 Miseno
659 2371 797 2431 oriuntur
820 2371 927 2442 echini,
1087 2436 1088 2441 Ι

241 2454 412 2515 Pectinibus
435 2455 542 2534 patulis
565 2455 651 2516 iactat
673 2475 704 2516 sc
726 2456 813 2517 molle
835 2455 1004 2515 Tarentum.
1028 2490 1070 2500 -

240 2541 301 2600 Nec
323 2539 378 2600 sibi
401 2558 542 2600 cenarum
566 2541 658 2619 quivis
679 2549 790 2600 temere
813 2541 934 2618 adroget
955 2550 1057 2616 artem,

241 2625 307 2686 Non
332 2625 415 2703 prius
437 2635 535 2685 exacta
559 2626 642 2685 tenui
664 2626 779 2685 ratione
802 2643 951 2703 saporum.

242 2711 303 2771 Nec
326 2711 395 2771 satis
417 2719 469 2783 est,
493 2728 559 2771 cara
581 2711 670 2790 piscis
691 2728 827 2770 averrere
849 2727 950 2770 mensa

244 2795 391 2876 Ignarum,
416 2795 523 2874 quibus
546 2795 656 2857 estius
678 2796 775 2874 aptius
798 2804 826 2854 et
850 2794 957 2873 quibus
979 2794 1054 2857 assis

244 2880 415 2959 Languidus
437 2881 467 2940 in
491 2880 624 2941 cubitum
646 2881 703 2939 iam
726 2900 758 2941 se
781 2881 902 2940 conviva
924 2889 1059 2959 reponet.

248 2965 357 3025 Umber
379 2975 408 3025 et
430 2965 520 3043 iligna
543 2966 673 3026 nutritus
694 2966 800 3043 glande
822 2965 964 3026 rotundas

247 3050 352 3111 Currat
374 3069 444 3129 aper
466 3051 558 3111 lancis
581 3069 701 3111 carnem
722 3050 841 3110 vitantis
863 3051 1004 3110 inertem:

247 3136 317 3195 Nam
341 3135 476 3196 Laurens
499 3135 593 3196 malus
615 3145 669 3209 est,
692 3136 765 3197 ulvis
789 3144 817 3194 et
838 3135 1007 3195 harundine
1027 3135 1173 3215 pinguis

245 3219 336 3279 Vinea
358 3220 503 3280 submittit
525 3239 646 3300 capreas
668 3240 730 3281 non
753 3238 870 3299 semper
893 3220 995 3282 edulis.

247 3302 401 3364 Fecundae
424 3305 533 3384 leporis
556 3306 674 3384 sapiens
696 3305 857 3366 sectabitur
878 3323 984 3366 armos.

247 3388 379 3449 Piscibus
400 3398 489 3467 atque
511 3390 612 3451 avibus
635 3409 709 3468 quae
733 3399 836 3450 natura
859 3398 889 3450 et
909 3391 987 3450 foret
1008 3397 1097 3461 aetas,

246 3474 322 3532 Ante
344 3491 444 3535 meum
468 3475 541 3534 nulli
564 3476 657 3552 patuit
680 3475 809 3553 quaesita
832 3475 970 3553 palatum.

244 3655 275 3706 lV
295 3673 318 3708 v.
342 3660 370 3709 11
389 3657 445 3722 ipse
462 3657 496 3720 (o)
512 3658 516 3720 Ι
533 3657 702 3710 celebrabitur
714 3659 749 3722 (o)
764 3657 768 3723 Ι
785 3661 816 3710 13
829 3658 905 3722 alma]
918 3659 1017 3713 Boutt:
1036 3657 1093 3710 alba
1110 3658 1116 3726 Ι
1134 3663 1166 3713 14
1179 3675 1233 3726 pro-

158 3724 246 3776 hibent
263 3726 298 3788 ΙυΙ
315 3725 318 3792 Ι
336 3727 367 3776 19
386 3728 479 3788 musto]
499 3725 537 3776 ed.
559 3726 643 3778 Vitab.
663 3743 687 3776 u.
706 3726 787 3786 159&
804 3727 904 3777 Boutt:
923 3727 1003 3777 mixto
1019 3742 1035 3777 o
1053 3730 1091 3792 (et
1106 3731 1147 3778 sic
1164 3728 1235 3778 Lun-

160 3793 238 3843 dinuc
256 3797 285 3844 iu
304 3793 344 3843 ed.
364 3796 433 3842 certe
451 3792 516 3846 Vera.
535 3810 560 3845 u.
580 3795 656 3858 1486)
679 3794 761 3845 mulso
780 3795 814 3859 (o)
829 3794 835 3863 Ι
850 3797 883 3846 22
900 3797 1015 3860 peraget]
1033 3796 1082 3860 (o):
1108 3796 1211 3862 peragit
1230 3791 1235 3864 Ι

160 3862 191 3912 35
210 3877 242 3912 ne
261 3861 309 3925 (o);
330 3863 362 3912 ci.
382 3861 553 3924 Heindorfiur
577 3863 581 3927 Ι
610 3865 640 3914 at
661 3865 774 3913 auertere
792 3864 828 3927 Ιυ)
854 3862 858 3929 Ι
883 3866 915 3915 39
933 3863 1035 3928 reponit
1061 3864 1066 3930 Ι
1092 3866 1125 3918 41
1145 3869 1236 3916 curuet

157 3930 192 3992 (a)
208 3929 212 3994 Ι
228 3932 261 3980 44
279 3928 412 3992 secundae]
429 3929 466 3980 B⁰
483 3931 530 3994 (c):
548 3929 649 3981 fecundi
