2474 4440
24 241 95 302 <180
410 242 600 296 strutheum
617 243 637 296 ll
656 248 679 296 l.
699 247 722 298 8.

113 412 185 477 ‘Aut
206 416 316 477 insanit
337 415 426 476 homo
448 425 498 476 aut
519 433 620 476 versus
643 413 731 476 facit?
779 418 869 479 Ocius
891 418 964 480 hinc
989 430 1019 480 te

119 503 154 562 Ni
177 503 265 581 rapis,
288 501 411 562 accedes
434 518 523 580 opera
547 518 618 579 agro
642 521 721 562 nona
745 502 866 563 Sabino.

492 657 643 665 --—

535 754 597 814 Vlll

68 871 71 875 ’
117 874 156 935 Ut
176 872 325 933 Nasidieni
348 872 419 932 iuvit
440 881 469 933 te
492 892 564 933 cena
587 870 697 933 heati‘l

118 959 190 1019 Nam
214 957 285 1018 mihi
308 957 462 1035 quaerenti
485 958 635 1018 convivam
658 959 754 1020 dictus
777 959 848 1018 here
871 958 932 1020 illic

117 1045 159 1105 De
183 1043 279 1104 medio
301 1050 404 1121 potare
426 1041 482 1102 die.
516 1035 589 1113 ‘Sic
612 1052 645 1103 ut
666 1044 737 1104 mihi
761 1061 924 1121 numquam

118 1129 152 1189 ln
174 1130 231 1189 vita
253 1127 343 1187 luerit
364 1117 486 1187 melius?
533 1127 639 1201 bic,
616 1147 640 1189 ιι
663 1147 749 1207 grave
773 1147 833 1187 non
857 1140 911 1201 est,

119 1214 201 1285 Quae
224 1213 318 1309 prima
341 1212 446 1272 iratum
470 1221 600 1272 ventrem
624 1212 782 1292 placaverit
804 1231 880 1274 esca.

114 1293 162 1359 ‘ln
185 1298 289 1378 primis
309 1297 448 1357 Lucanus
470 1314 542 1376 aper
563 1296 622 1358 leni
645 1298 700 1358 fuit
721 1298 829 1358 Austro

118 1384 237 1464 Captus,
260 1392 294 1443 ut
315 1380 410 1442 aiebat
433 1399 524 1442 cenae
548 1392 646 1461 pater;
670 1382 747 1443 acria
771 1383 881 1443 circum

119 1469 243 1548 Rapula,
267 1467 406 1540 lactucae,
430 1467 552 1539 radices,
575 1467 671 1545 qualia
694 1467 802 1528 lassum

118 1554 289 1614 Pervellunt
310 1553 503 1625 stomachum,
527 1552 609 1626 siser,
632 1553 714 1626 allec,
737 1553 848 1612 faecula
872 1553 942 1614 Coa.

119 1639 172 1700 llis
194 1638 246 1699 uhi
268 1637 390 1699 sublatis
412 1655 488 1716 puer
510 1637 567 1698 alte
590 1637 705 1698 cinctus
726 1655 863 1697 acernam

120 1723 254 1803 Gausapa
276 1740 429 1802 purpureo
453 1740 584 1783 mensam
609 1724 748 1802 pertersit
771 1732 800 1782 et
822 1722 895 1783 alter

118 1808 253 1888 Sublegit
274 1807 483 1886 quodcumque
506 1807 613 1867 iaceret
637 1808 739 1868 inutile
763 1809 903 1886 quodque

118 1895 214 1955 Possit
236 1891 371 1954 cenantis
394 1893 556 1966 offendere,
579 1902 612 1953 ut
634 1893 726 1953 Attica
749 1893 830 1971 virgo

119 1979 191 2040 Cum
213 1978 304 2040 sacris
326 1977 443 2038 Cereris
465 1976 599 2056 procedit
620 1978 721 2038 fuscus
743 1977 904 2057 Hydaspes,

119 2063 252 2124 Caecuba
274 2062 340 2123 vina
364 2062 473 2134 ferens,
496 2061 589 2121 Alcon
613 2060 717 2122 Chium
740 2063 828 2124 maris
851 2081 968 2142 expers.

118 2148 173 2209 Hic
196 2167 263 2208 erus
282 2140 462 2219 “,hlhannm
486 2147 694 2221 Maecenas,
672 2167 730 2208 srve
754 2147 911 2208 Falernum

118 2233 160 2293 Te
182 2233 275 2311 magis
297 2232 437 2310 adpositis
459 2231 592 2304 delectat,
615 2232 813 2293 habemust
780 2224 969 2312 utff'rumque

118 2317 237 2379 Divitias
260 2317 363 2377 miras!
387 2316 437 2376 sed
461 2316 527 2394 quis
549 2317 724 2378 cenantibus
747 2336 814 2391 una,

118 2403 264 2476 Fundani,
286 2401 410 2482 pulchre
433 2401 522 2461 luerit
542 2401 605 2474 tihi,
628 2421 716 2464 nosse
738 2401 851 2462 laboro.

115 2482 270 2549 ‘Summus
292 2505 347 2566 ego
370 2495 400 2546 et
421 2505 516 2566 prope
539 2505 586 2546 me
609 2486 712 2549 Viscus
733 2487 886 2548 Thurinus
908 2498 939 2549 et
962 2490 1018 2550 infr

118 2574 148 2634 Si
170 2573 301 2647 memini,
324 2572 437 2646 Varius,
460 2590 527 2632 cum
551 2571 673 2632 Servilio
696 2573 852 2633 Balatrone

119 2659 259 2732 Vibidius,
283 2677 357 2737 qnos
378 2657 533 2718 Maecenas
554 2657 715 2718 adduxerat
735 2657 866 2719 umbras.

118 2744 321 2806 Nomentanus
342 2751 405 2804 erat
426 2760 516 2821 super
538 2742 644 2821 ipsum,
667 2743 790 2805 Porcius
812 2743 901 2815 inlra,

117 2828 268 2890 Ridiculus
288 2837 365 2889 totas
386 2827 474 2888 simul
496 2826 655 2887 absorbere
676 2828 841 2908 placentas3

116 2912 319 2975 Nomentanus
341 2914 375 2974 ad
399 2913 466 2985 hoc,
490 2911 551 2989 qui,
573 2912 670 2989 siquid
692 2914 768 2974 forte
791 2914 904 2987 lateret,

118 2997 219 3058 lndice
242 3006 421 3059 monstraret
443 2996 551 3075 digito;
576 3014 644 3055 nam
668 3007 765 3059 cetera
786 2999 884 3074 turba,

117 3081 187 3156 Nos,
210 3083 342 3161 inquam,
366 3100 507 3142 cenamus
530 3081 598 3155 aviS,
622 3083 785 3163 conchylia,
808 3084 907 3164 pisciS,

117 3167 219 3246 Longe
243 3167 410 3229 dissimilem
435 3175 506 3227 noto
529 3166 653 3227 celantia
679 3186 794 3241 sucum,

118 3251 156 3312 Ut
176 3252 222 3314 vel
244 3253 388 3313 continuo
411 3251 515 3331 patuit,
539 3269 607 3311 oum
629 3253 758 3331 passeris
780 3262 867 3331 atque

117 3336 267 3415 lngustata
290 3338 361 3398 mihi
383 3344 558 3416 porrexerat
579 3336 626 3396 ilia
650 3336 776 3398 rhombi.

116 3422 188 3484 Post
209 3423 267 3483 hoc
288 3441 335 3483 me
357 3420 458 3481 docuit
480 3421 625 3482 melimela
648 3422 756 3483 rubere
778 3423 922 3483 minorem

116 3506 159 3566 Ad
182 3509 282 3569 lunam
305 3506 434 3581 delecta3
458 3506 526 3584 quid
550 3507 606 3566 hoc
629 3507 755 3580 intersit,
778 3506 814 3568 ab
836 3507 902 3587 ipso
1015 3530 1018 3535 ·

35 3645 224 3654 -—-—-—-

118 3723 171 3776 Vlll
188 3741 212 3777 o.
232 3723 297 3775 lde
316 3724 351 3787 (ol
378 3721 382 3790 Ι
410 3723 575 3787 hpacauerit
598 3722 602 3788 Ι
627 3725 642 3776 6
665 3727 735 3789 aper]
753 3723 907 3788 Madvigius
930 3724 988 3774 odo.
1006 3737 1018 3772 c

19 3795 80 3942 ἧι
94 3807 165 3860 aper.
183 3795 213 3856 (a.
230 3806 302 3858 aper.
319 3794 434 3876 copem)
454 3791 489 3842 al.
504 3791 538 3858 ΙἹ
558 3792 651 3842 circum
654 3792 893 3871 ‚Doederleim'url
911 3794 941 3844 10
960 3790 1008 3858 ut}

153 3856 338 3922 edivitiast
351 3861 384 3912 αἱ.
401 3859 592 3927 llssmiras]D.
602 3860 739 3919 Halmium
750 3859 804 3911 Me:
823 3860 927 3911 miseras
943 3861 947 3923 Ι
963 3861 1018 3910 224

151 3927 185 3994 Ι
200 3927 337 3980 obsorbere
354 3930 389 3993 (o)
404 3927 410 3996 Ι
425 3931 457 3980 30
476 3930 632 3993 porrexerat]
649 3928 698 3992 (o):
716 3928 856 3994 porrexerit
873 3944 888 3978 o
907 3927 1018 3994 porrexit
